2898 4494
199 277 244 346 76

199 445 388 525 mljuratur3
416 455 554 528 namque
574 438 621 508 ὦν
641 442 673 508 ἰιι
695 463 760 507 nno
781 445 851 508 eod.
873 441 928 507 Ab
948 442 1128 530 reperitur,
1151 441 1294 509 Alexan-

199 557 291 620 drnnr
315 562 444 636 autom,
474 553 500 617 si
523 556 595 636 ejus
616 553 880 620 commentorium
903 555 1092 639 eontuleris‚
1121 557 1215 620 modo
1237 557 1296 621 oib-

198 665 264 732 λιιν
284 660 330 731 ὧν
351 668 401 742 ἓν,
427 667 522 730 modo
544 665 650 729 ἄλλων
671 667 694 730 οἳ
716 668 767 749 ἓν,
789 665 883 728 modo
910 666 1017 731 ἄλλων
1042 670 1078 731 ἓν
1098 666 1219 751 legisse
1240 687 1297 731 ex·

197 777 333 843 istimes.
371 775 530 842 confooro
551 782 660 840 nutem
683 783 717 841 et
738 776 888 842 absoluta
902 780 1044 842 nondum
1066 779 1166 844 videri
1188 783 1298 864 potest

196 886 259 952 looi
281 886 478 971 emendatio,
500 883 563 950 nisi
585 911 623 952 τε
644 893 718 971 post
739 891 801 953 τῶν
822 889 1030 974 expunxeris.
1051 923 1094 939 —-
1114 888 1187 954 Sed
1196 888 1296 953 etiam

196 1006 330 1084 praeter
352 999 413 1062 hos
427 1004 553 1063 restant
568 997 691 1085 aliquot
704 997 781 1084 loci,
803 1001 843 1064 de
864 1001 979 1087 quibus
1000 1000 1112 1086 puuois
1127 1000 1295 1066 dieendnm

195 1112 333 1176 videtur.
383 1111 434 1175 Αο
466 1108 605 1194 primum
631 1110 758 1196 quidem
785 1117 843 1184 M.
865 1117 896 1180 5.
922 1134 954 1195 p.
986 1114 1155 1182 1079b15.
1188 1119 1237 1186 A,
1263 1118 1294 1181 9.

196 1241 228 1306 p.
250 1227 418 1303 ablata,
440 1241 536 1306 quum
559 1222 722 1305 utriusque
747 1219 807 1282 loei
831 1219 992 1300 scriptura
1012 1219 1160 1282 inlibris
1183 1243 1295 1284 manu-

196 1331 327 1416 eoriptis
355 1335 468 1396 eadem
493 1331 553 1413 sit,
585 1331 698 1392 mirum
723 1328 756 1392 in
779 1329 906 1393 modum
929 1326 1103 1394 Bekkerus
1125 1331 1220 1392 modo
1243 1351 1293 1392 so-

195 1442 303 1528 quitur
324 1443 419 1504 modo
441 1439 579 1523 negligit
600 1439 744 1505 eodioum
770 1439 1009 1507 auctoritatem.
1053 1439 1109 1505 sto
1130 1439 1214 1506 enim
1238 1461 1294 1502 ox-

194 1553 323 1616 hibetur
345 1549 435 1611 loeus
457 1548 530 1614 libr.
554 1549 653 1614 Xlll.
697 1553 827 1614 πάντων
855 1551 891 1615 δὲ
916 1551 1052 1635 μάλιστα
1079 1550 1295 1635 διαπορήσειεν

194 1660 238 1725 ἄν
259 1682 305 1735 τις
325 1661 354 1722 τι
375 1679 451 1721 ποτε
472 1659 704 1742 συμβάλλονται
731 1659 771 1723 τὰ
798 1661 905 1748 amq*
925 1672 990 1737 τοϊς
1017 1659 1133 1736 ἀϊδίοις
1159 1665 1222 1724 τῶν
1243 1661 1294 1722 ul-

195 1774 322 1856 σθηιοῖν
342 1771 363 1857 ἢ
383 1779 448 1846 τοϊς
461 1773 653 1853 γιγνομένοις
666 1774 717 1833 καὶ
731 1771 822 1856 [τοῖς]
836 1773 865 1850 ¹)
888 1775 1125 1857 φθειρομένοις·
1147 1773 1220 1836 οὔτε
1233 1769 1294 1854 γὰρ

131 1953 134 1968 ⁴
194 1883 339 1968 κινήσεώς
360 1881 443 1945 ἐστιν
463 1878 539 1944 οὔτε
563 1881 737 1967 μεταβολῆς
762 1879 913 1964 οὐδεμιᾶς
938 1885 1024 1946 αἴτια
1050 1881 1166 1958 αὐτοῖς.
1210 1879 1294 1945 ἄλλα

193 1992 256 2078 μὴν
277 1989 373 2057 οὐδὲ
401 1990 481 2077 πρὸς
502 1989 557 2076 τὴν
578 1990 744 2077 ἐπιστήμην
765 1990 865 2056 οὐθὲν
885 1996 1000 2077 βοηθιτ
1017 1991 1074 2076 τὴν
1094 1999 1156 2056 τῶν
1178 1993 1293 2059 ἄλλον.

195 2103 285 2170 οὔτε
306 2102 366 2186 γὰρ
388 2102 480 2166 οὐσία
501 2101 604 2167 ἐκεῖνα
625 2105 745 2168 τούτων
767 2101 817 2186 (ἐν
837 2104 960 2178 τούτοις
973 2101 1041 2187 γαρ
1064 2105 1107 2167 ἄν
1121 2099 1183 2189 ivl·
1221 2106 1293 2169 οὔτ’

195 2214 239 2292 εἰς
260 2213 297 2278 τὰ
318 2216 408 2289 εἶναι,
428 2212 470 2299 μὴ
491 2213 708 2299 ἐνυπάρχοντά
730 2237 765 2291 ys
786 2223 851 2288 τοῖς
871 2216 1057 2296 μετέχουσιν.
1092 2213 1215 2278 Tribus
1238 2238 1293 2300 po·

194 2324 355 2390 tissimum
378 2325 558 2390 rationibus
579 2319 777 2388 Aristoteles
798 2325 908 2405 «tonet,
931 2321 1009 2386 nibil
1038 2323 1168 2386 omnino
1183 2325 1294 2408 perti-

194 2457 275 2504 nere
296 2436 388 2502 ideas
410 2438 452 2500 od
473 2457 528 2500 res
549 2435 732 2520 sensibiles,
758 2437 841 2520 quod
859 2452 966 2518 neque
988 2435 1201 2499 mutationem
1223 2435 1292 2502 effi-

194 2549 301 2634 oiunl,
322 2570 426 2635 neque
447 2547 665 2632 cognitionem
686 2569 796 2611 rerum
817 2544 1017 2611 sensibilium
1040 2547 1292 2633 adjuvent‚,ne·

195 2683 257 2747 que
294 2663 335 2723 ad
372 2679 484 2724 earum
518 2657 745 2732 exsistentiam
781 2659 952 2742 quidquam
985 2656 1164 2722 conferant.
1217 2658 1292 2725 Hae
1320 2735 1323 2744 ¹

194 2770 296 2854 igitur
316 2775 385 2832 tres
405 2767 562 2850 rationes,
584 2788 720 2852 quarum
735 2776 930 2852 argumenta
943 2769 1056 2854 pauois
1070 2769 1178 2836 verbis
1193 2769 1292 2834 inter·

192 2879 313 2967 positis
326 2875 524 2942 Aristoteles
546 2877 718 2972 signifieat,
738 2879 787 2943 ita
808 2886 884 2943 sunt
905 2880 1073 2963 particulis
1094 2883 1291 2964 conjungen·

195 2995 275 3076 doe,
302 2997 338 3055 ut
371 2995 447 3076 apte
480 2987 541 3053 sibi
573 2991 802 3073 respondeant.
852 2987 963 3076 Itaq'ue
991 3012 1051 3075 pro
1079 2991 1171 3056 odda
1197 2993 1292 3079 πρὸς

196 3104 399 3169 seribendum
423 3101 511 3166 orire
531 3101 623 3186 πρὸς,
646 3121 704 3184 pro
726 3100 815 3173 οὔτε
836 3101 894 3186 γὰρ
916 3135 959 3148 -
980 3101 1072 3165 onor
1091 3101 1161 3184 yolo,
1182 3125 1287 3190 quom-

194 3216 366 3279 admodum
401 3210 573 3278 Beklrerus
604 3212 708 3296 primo
741 3211 824 3274 libro
856 3210 966 3276 invitis
1004 3211 1165 3279 oodioibus
1202 3214 1290 3282 exbi-

194 3323 272 3391 huit.
329 3324 448 3409 Aptius
481 3323 581 3388 etiam
615 3321 682 3385 illio
721 3322 926 3406 parenthesis
958 3323 1054 3408 signa
1075 3324 1137 3389 'ita
1172 3326 1292 3411 posuit,

193 3445 230 3502 ut
257 3436 410 3502 universa
442 3433 626 3501 enunciatio
659 3429 737 3498 οὐδὲ
762 3433 822 3520 γὰρ
852 3472 896 3485 -
927 3438 970 3501 ἄν
998 3435 1037 3522 ἦν
1065 3436 1190 3500 inserta
1218 3459 1291 3501 osse

193 3554 376 3617 oenseatur.
397 3581 440 3595 -
462 3545 578 3613 Paullo
601 3551 675 3631 post
696 3547 870 3630 esnethe,
891 3567 974 3631 quae
987 3566 1072 3610 nuno
1086 3545 1191 3630 ipsum
1206 3552 1290 3612 attu-

262 3867 290 3932 1)
318 3865 482 3922 Omittendus
505 3864 646 3931 articulus,
672 3880 782 3932 namque
805 3869 972 3934 opponuntur
992 3861 1095 3918 sibirol
1116 3862 1190 3918 olido
1213 3873 1241 3918 et
1257 3862 1290 3922 roi

191 3971 269 4028 yoyv
270 3971 380 4022 μεν
319 3970 399 4004 couno
379 3950 588 4024 ιιμθειόρμινο,
615 3951 648 4004 el.
664 3949 740 4001 Alex.
758 3965 828 4018 p.r
801 3952 979 4004 tulela.-
1004 3948 1167 4002 Bellerns
1161 3968 1187 4002 ιιι
1206 3966 1295 4022 pruno

193 4019 260 4086 libro
279 4053 356 4104 quum
376 4035 478 4107 plurimi
502 4035 576 4088 codd.
595 4031 730 4086 articulum
748 4031 869 4100 habeant,
888 4051 947 4087 euru
964 4033 1076 4105 omittit,
1098 4035 1124 4091 in
1148 4035 1226 4091 tortio
1244 4033 1288 4087 de

194 4117 271 4185 eirno,
289 4135 367 4190 quum
385 4125 436 4178 duo
454 4121 512 4176 eod.
529 4119 660 4186 omittant,
678 4119 789 4175 eundem
806 4120 913 4174 retinet.
