2906 4500
164 1344 391 1472 Aristotelis
418 1404 491 1470 libri
514 1427 609 1492 quum
633 1427 766 1492 omues,
796 1405 823 1471 si
846 1404 918 1492 quis
945 1403 1075 1490 penitus
1097 1429 1154 1473 eos
1176 1411 1270 1476 intol-

165 1517 269 1600 ligere
290 1514 447 1599 voluerit,
473 1515 613 1600 diligens
634 1516 775 1580 studium
803 1523 837 1582 et
864 1515 1057 1582 acerrimum
1081 1519 1200 1584 mentis
1221 1520 1270 1584 iu·

166 1625 344 1690 tentionem
366 1626 542 1711 requirnnt,
564 1633 633 1689 tum
657 1647 726 1710 eos,
749 1625 802 1711 qui
824 1625 1121 1710 metaphysieorum
1139 1629 1270 1694 nomine

165 1733 332 1820 feruntur,
374 1735 550 1820 praeeipuo
585 1737 726 1821 quedem
766 1734 958 1801 diffieultote
994 1735 1147 1802 laborare
1185 1737 1272 1804 inter

166 1866 280 1912 omues
302 1846 465 1930 moverit,
487 1845 644 1932 siquidem
668 1847 708 1908 de
731 1848 966 1910 sententiarum
989 1845 1207 1932 obseuritnto,¹
1225 1848 1271 1912 ‹ti-

46 1943 48 2036 ζ
165 1955 260 2021 eendi
284 1955 462 2038 brevitate,
491 1954 742 2039 argumentandi
765 1951 946 2016 subtilitate
967 1973 1031 2016 non
1054 1957 1161 2037 magis
1182 1963 1272 2022 vete.

165 2086 220 2130 ree
246 2069 423 2150 queruntur
451 2083 548 2147 quam
576 2060 775 2127 recentiores
807 2061 1014 2146 interpretes.
1071 2061 1133 2129 Est
1160 2072 1272 2130 eutem

166 2174 287 2259 triplex
310 2171 380 2236 fero
403 2170 488 2255 fons,
510 2174 595 2236 unde
618 2171 820 2256 singularem
843 2170 928 2236 hono
954 2169 1179 2238 rliffioultatem
1203 2193 1272 2239 nus·

166 2305 248 2348 nare
274 2281 423 2348 dixerim.
468 2281 519 2348 Ao
546 2283 683 2367 primum
704 2281 832 2366 quidem
853 2287 888 2346 et
907 2281 993 2347 lreud
1013 2281 1081 2347 soio
1103 2304 1146 2348 en
1169 2284 1272 2348 muri-

167 2415 254 2458 mum
278 2390 480 2477 intelligendi
503 2392 769 2477 impedimentum
793 2389 825 2452 in
848 2389 1071 2475 ipsumam,
1097 2413 1181 2477 quae
1205 2400 1272 2458 tre·

165 2509 312 2587 utentur,
340 2510 460 2567 nature
485 2501 628 2587 positum
650 2506 711 2563 est.
744 2497 862 2570 -Quum
888 2499 974 2563 euim
997 2499 1209 2584 philosophus
1230 2505 1272 2568 do

168 2612 286 2677 obditis
301 2612 422 2677 soiendi
438 2610 606 2696 prioerpiis
627 2617 708 2693 aget
730 2615 764 2674 et
785 2610 826 2674 de
842 2607 882 2674 iis
901 2608 999 2674 rebus
1013 2609 1167 2696 disputet,
1188 2631 1272 2697 quoe

168 2743 189 2784 o
210 2742 363 2786 sensuum
385 2719 551 2786 evidentis
573 2719 762 2804 longissime
784 2726 932 2784 remotae
952 2719 1048 2784 unioe
1066 2719 1186 2785 montis
1200 2721 1272 2786 ooie

164 2830 364 2912 juuimmur,
385 2849 451 2894 nou
474 2837 526 2896 est
547 2830 664 2894 mirum
686 2831 783 2916 quod,
804 2849 888 2914 quoe
910 2849 1036 2894 sumrno
1059 2828 1181 2914 ingenii
1197 2851 1272 2896 oeu-

168 2938 255 3004 mino
276 2945 410 3024 reperta
432 2948 526 3024 snut,
550 2961 615 3006 non
639 2941 710 3006 sine
732 2959 854 3022 magne
874 2938 975 3004 animi
996 2938 1178 3006 intentione
1200 2961 1273 3025 per·

167 3049 234 3133 eipi
255 3057 401 3134 possunt.
445 3050 540 3123 Quae
566 3049 694 3136 quidem
723 3046 900 3114 difficultas
929 3067 971 3112 ex
998 3047 1071 3132 ipss
1092 3047 1273 3115 roiindole

167 3166 286 3224 exorto
308 3181 348 3224 eo
370 3165 521 3245 nugetur,
542 3163 627 3246 quod
645 3157 846 3224 Aristoteles
867 3176 933 3244 non
955 3155 1037 3222 sotis
1058 3156 1158 3222 lrabet
1179 3179 1273 3223 surm

169 3268 367 3334 sententium
394 3270 601 3354 proposuisse
628 3275 662 3336 et
691 3271 952 3351 demonstrasse,
980 3269 1038 3334 sed
1063 3265 1159 3332 simul
1186 3267 1272 3352 prio·

169 3399 241 3441 rum
264 3375 526 3462 philosophorum
549 3377 672 3462 plnoito
692 3377 853 3460 breviter,
880 3383 915 3440 ut
937 3375 1023 3440 inter
1044 3383 1273 3462 agnoscentes,

170 3493 263 3552 notat
290 3494 325 3551 et
351 3486 398 3551 ito
425 3484 634 3572 perstringit,
666 3493 702 3550 ut
728 3486 970 3572 oomprobaudo
996 3507 1080 3571 quae
1107 3495 1197 3552 reete
1224 3484 1274 3549 illi

53 3656 55 3662 .
171 3596 366 3682 statuerint,
392 3596 565 3662 refutando
593 3615 677 3680 quoe
704 3615 817 3680 secus,
850 3616 943 3660 suom
972 3594 1152 3661 doetrinom
1178 3615 1274 3680 proe-

169 3714 263 3794 pnret
294 3713 327 3772 ot
348 3705 504 3787 illustret3
530 3705 626 3773 uobis
646 3726 742 3788 vero,
768 3703 884 3790 quibus
905 3703 1106 3790 superiorum
1133 3703 1274 3790 philoso-

170 3818 309 3902 phornrn
330 3816 513 3882 sententiae
534 3832 689 3900 magnam
711 3820 840 3898 partem
867 3835 911 3881 ex
935 3813 1009 3900 ipse
1029 3815 1125 3878 modo
1146 3809 1275 3876 Aristo·

171 3925 249 3990 telis
281 3925 448 3992 notatione
481 3917 677 3991 diviusndne
704 3923 796 4010 sint,⁴
823 3923 907 3988 haee
935 3941 1048 3989 earum
1075 3918 1273 3987 existimatio

173 4058 242 4102 rem
272 4037 424 4101 obseurat
456 4035 588 4120 snopius
613 4055 710 4120 quom
739 4014 894 4102 illustret.
951 4031 1071 4097 Altero
1099 4021 1275 4128 difficultas

223 4144 314 4196 none,
328 4143 416 4186 oum.
431 4143 453 4184 u
466 4143 539 4186 mue
1057 4138 1074 4202 1
