2898 4494
209 244 254 380 ιι

211 479 253 544 ad
276 475 370 563 plrrra
391 473 565 562 pertineat·
580 482 614 541 et
643 473 753 561 utirpre
773 473 815 536 de
837 470 903 536 alio
927 471 1141 556 praedicetur.
1187 455 1311 548 Quidni

211 590 284 678 quis
305 611 378 654 earn
401 587 490 652 tlicat
512 608 576 652 aaa
601 587 704 671 ipsam
728 581 983 648 assecutionem
1000 583 1248 650 substantialem
1271 587 1312 670 (τ.

212 724 240 767 τ.
258 723 288 786 ρ.
308 699 361 784 a),
382 700 440 764 sed
463 696 572 763 inesse
594 696 626 760 ia
650 695 782 761 notione
805 691 1026 777 substantiali,
1049 692 1132 758 idem
1149 695 1224 760 inde
1238 717 1314 764 con·

211 830 351 896 seqrrens
377 831 451 875 esse
478 808 514 872 τά
543 805 624 872 αὐτὰ
653 807 841 890 συμβήσεται
867 805 980 871 πάλιν·
1007 791 1095 869 denae
1126 805 1186 892 γάρ
1220 805 1314 872 ὀὐσία

210 921 329 986 ἐκείνου
354 917 459 994 edcta,
487 916 555 982 elev
579 913 616 981 ad
638 915 718 1004 ζῷον
739 916 774 980 ἐν
800 911 826 1006 ᾧ
854 913 898 994 ὥς
924 915 1008 982 ἴδιον
1034 913 1177 1002 ὑπάρχει.
1218 915 1313 981 llaec

211 1030 313 1098 verba
333 1025 639 1112 flengstenbergius
661 1027 911 1114 interpretatur:
935 1029 1020 1094 denn
1043 1025 1095 1092 die
1120 1026 1312 1094 Weseuheit

210 1140 289 1206 uird
314 1137 598 1205 Wesenheit'van
622 1143 723 1203 etwas
752 1125 832 1204 sein.
883 1137 930 1200 At
962 1138 988 1201 si
1022 1139 1093 1220 quis
1126 1141 1313 1206 universum

211 1249 318 1315 lacum
341 1248 474 1334 legerit,
497 1271 562 1316 nna
588 1245 708 1334 poterit
730 1245 878 1312 dubitare
905 1243 982 1331 quin
1012 1246 1192 1325 arthectmn
1220 1271 1240 1312 e
1262 1271 1313 1312 sn-

211 1361 392 1447 periaribns
413 1363 626 1446 repetendum
650 1357 694 1422 sit
714 1356 751 1422 ed
773 1356 927 1431 καθόλου,
948 1357 1040 1436 crtjus
1054 1355 1240 1440 exemplum
1256 1361 1312 1422 ad-

209 1471 322 1552 jicitur
342 1470 411 1535 οἷον
431 1471 468 1536 τά
490 1470 577 1558 ζῷον.
622 1467 754 1534 Omissa
782 1467 882 1552 igitur
909 1465 1015 1531 altero
1043 1466 1136 1533 adata
1165 1473 1198 1530 et
1225 1489 1312 1530 com-

213 1586 303 1644 mate
325 1576 429 1663 posito
451 1586 524 1661 post
546 1579 638 1665 ζῷον,
660 1579 811 1663 quoniam
835 1571 918 1665 ἐνρῖ
943 1577 1086 1643 refertur
1115 1578 1156 1640 ad
1179 1577 1310 1651 ἐκείνου,

213 1686 417 1754 scribendum
441 1686 566 1754 videtur
586 1684 674 1754 ἔσται
694 1688 755 1772 γάρ
782 1687 841 1768 (sn.
863 1687 899 1750 τὸ
926 1687 1088 1769 καθόλου)
1116 1683 1211 1751 οὐσία
1236 1688 1314 1752 ἐκεί-

213 1821 281 1876 νου,
302 1797 371 1864 οἷον
391 1797 426 1865 τά
449 1797 536 1886 ζῷον,
558 1796 593 1861 ἓν
613 1789 640 1888 ᾦ
659 1791 704 1872 οἷς
724 1795 808 1862 ἴδιον
829 1792 971 1879 ὑπάρχει.
1016 1795 1058 1860 Et
1079 1797 1164 1860 hunc
1184 1795 1312 1883 quidem

182 1959 186 1970 .
214 1909 406 1995 scripturam
429 1909 620 1976 Alexander
641 1915 719 1972 ante
743 1906 853 1970 ocrrlns
878 1905 1030 1972 habuisse
1058 1905 1203 1990 videtur,
1229 1911 1311 1990 qtrod

215 2021 453 2105 interpretatur
473 2017 558 2082 ἔστιν
577 2019 649 2103 ἄρα
665 2015 758 2082 nicta
778 2016 814 2083 τὸ
837 2016 917 2106 ζῷον
937 2023 995 2081 του
1016 2018 1052 2082 ἐν
1072 2013 1098 2105 ᾤ
1118 2016 1215 2090 ἔστιν,
1243 2015 1312 2081 οἷον
1400 2011 1405 2026 ”

215 2133 274 2194 τοῦ
294 2126 479 2212 ἀνθρώπου,
502 2124 537 2188 ἐν
557 2120 584 2216 ᾦ
602 2123 647 2200 ὥς
666 2125 750 2190 fflmv
770 2124 904 2212 ὑπάρχει
924 2127 959 2193 τὰ
982 2126 1069 2218 ζῷον.
1090 2148 1122 2213 p.
1142 2131 1292 2199 70an-

199 2303 225 2320 ,,
301 2244 342 2314 Ζ,
370 2243 419 2308 15.
447 2257 479 2325 p.
503 2240 670 2308 lutosas
698 2234 776 2320 (ur.
801 2237 968 2321 160,18.)
1003 2236 1173 2302 Falluntnr
1198 2237 1251 2325 qui
1280 2238 1313 2304 in

216 2344 401 2414 delinienda
415 2345 524 2433 aliqua
543 2345 727 2411 substantia
748 2367 788 2410 en
811 2344 994 2410 immiscent
1016 2349 1209 2431 accidentia,
1231 2363 1312 2432 σομ-

216 2459 381 2544 βεβραάτα,
407 2457 522 2543 quibus
550 2457 688 2524 sublatis
715 2459 830 2523 eadem
860 2461 984 2520 manet-
998 2457 1193 2526 substantia.
1238 2457 1312 2524 lloe

217 2569 360 2636 illmtrat
385 2567 584 2634 Aristoteles
615 2551 728 2633 allata
753 2566 903 2651 exemplo
931 2565 1012 2631 solis
1039 2574 1206 2654 tamqnam
1239 2571 1313 2635 rub·

218 2677 375 2752 stantiam
390 2713 434 2727 -
456 2677 704 2761 διαμαρτάνουσι
724 2680 769 2766 τῷ
787 2680 989 2761 προςτιθέναι
1003 2683 1136 2742 τοιαῦτα
1151 2674 1198 2744 ὦν
1213 2679 1313 2766 cipar-

217 2792 378 2872 ρουμένιιν
397 2785 444 2850 ἔτι
464 2784 552 2850 ἔσται
572 2784 672 2871 ἥλιος,
692 2787 798 2871 οἵσπερ
819 2786 856 2852 τὸ
877 2793 947 2874 περὶ
967 2794 1025 2876 γῆν
1045 2787 1097 2855 ἰὸν
1115 2790 1137 2876 ἢ
1157 2811 1311 2872 νυκτικρυ-
1437 2805 1438 2810 ’

217 2898 284 2981 φάς.
298 2895 341 2958 ἄν
354 2893 415 2980 γάρ
429 2900 482 2986 στῇ
495 2895 515 2982 ἢ
529 2900 623 2987 φανῇ,
638 2892 741 2960 adrem
754 2895 841 2961 ἔσται
854 2896 950 2982 ἥλιος.
986 2899 1090 2963 Reate
1105 2895 1311 2985 opponuntur
1437 2947 1438 2963 ι

218 3009 273 3097 στῇ
293 3010 327 3070 et
347 3009 418 3090 napi
433 3008 491 3092 γῆν
512 3007 571 3080 ἰόν,
593 3026 657 3070 non
680 3005 758 3072 item
785 3014 872 3100 φανῇ
898 3015 932 3073 et
952 3012 1165 3094 νυκτικρυφές,
1192 3011 1248 3074 sed
1277 3017 1311 3074 ut
1436 3033 1437 3038 ¹

217 3113 268 3178 snl
290 3121 426 3198 negetur
449 3122 543 3180 noctu
565 3117 731 3200 abscondi,
753 3118 907 3182 dicendus
929 3126 980 3181 est
1003 3125 1196 3205 perpetue
1211 3139 1308 3206 appa·
1436 3173 1437 3210 ρ

218 3245 302 3292 rere.
345 3224 416 3290 lam
442 3246 537 3311 quum
566 3224 741 3312 Asclepius
767 3227 800 3290 in
833 3227 1103 3312 interpretatione
1131 3229 1161 3297 h.
1182 3228 1206 3294 l.
1232 3228 1313 3294 llaec
1436 3215 1437 3252 l

218 3333 340 3402 lrabeat
361 3335 420 3400 dclv
441 3334 499 3402 οὖν
519 3336 598 3402 καθ’
620 3319 777 3400 amdan
797 3342 852 3430 στῇ
878 3335 897 3405 ὁ
925 3338 1011 3424 ἥλιος
1036 3339 1133 3425 ἤγουν
1157 3339 1219 3406 ἀεὶ
1240 3345 1316 3426 φαί-

218 3467 256 3538 νρ
276 3479 320 3494 -
344 3482 388 3496 -
414 3448 443 3512 si
466 3445 508 3532 pul
532 3443 734 3528 ὖποθιόμοθα
760 3445 862 3515 οὔτᾶν
887 3452 968 3514 εἶναι
994 3455 1046 3511 ναὶ
1072 3451 1192 3512 στάντα
1218 3451 1317 3534 ἤγουν

218 3552 282 3618 cisi
308 3559 474 3640 φαίνοντα.
496 3577 527 3642 p.
549 3555 718 3642 768b40.,
740 3580 818 3624 vere
842 3556 1033 3622 Branutstus
1054 3555 1086 3619 in
1109 3557 1221 3621 adnot.
1242 3557 1314 3627 crit.

45 3665 49 3672 '
89 3683 90 3687 ’
218 3664 295 3732 edit.
309 3665 488 3746 conjecisse
502 3665 629 3732 videtur
644 3665 846 3732 scribendum
869 3668 913 3728 άν
934 3663 995 3750 γάρ
1017 3671 1073 3758 στῇ
1094 3668 1115 3754 ἢ
1136 3665 1197 3729 ciel
1218 3673 1314 3758 φανῇ.

217 3773 270 3843 Ex
297 3772 477 3841 Alexandri
503 3775 773 3859 interpretatione
799 3773 881 3840 nihil
900 3775 982 3840 certi
1004 3777 1195 3860 depromas,
1230 3781 1314 3861 quod

217 3904 277 3967 pro
298 3889 439 3970 φανῆναι
465 3880 580 3968 utique
606 3884 695 3951 dedit
722 3881 997 3971 adaptarentur,
1024 3907 1086 3952 nec
1113 3892 1225 3954 tamea
1252 3886 1313 3954 hae

190 3991 289 4076 ,ipsa
309 3989 526 4076 explicatione
548 3992 731 4074 propositae
754 3995 970 4061 emendationi
991 4003 1164 4082 repugnat.
1434 4049 1435 4063 ,

224 4171 227 4178 .
299 4105 334 4174 Ζ,
357 4108 407 4174 17.
429 4123 460 4186 p.
484 4103 650 4174 lucrans·
672 4099 743 4184 (Bt.
768 4112 848 4191 162,
870 4104 938 4190 28.)
971 4104 1009 4172 si
1029 4116 1225 4196 quaeratur,
1251 4127 1308 4174 cur
