2906 4500
1249 262 1275 332 7,

166 420 339 505 fugiamus.
380 418 426 486 at
447 428 500 489 est
524 421 625 486 etiam
656 423 864 502 eoujeettrree
896 423 1087 490 ommate
1107 426 1269 510 quaedam

166 533 278 620 ratio,
303 551 388 618 quae
415 529 445 597 si
473 531 608 616 prorui
625 539 756 600 -nstma
783 529 940 596 mathesis
974 533 1173 602 evidentiam
1204 555 1271 600 non

166 647 302 726 aequat,
328 645 426 707 tenta
452 647 562 707 temen
589 647 658 726 est,
686 646 840 727 quantam
867 641 999 708 omnino
1019 665 1075 712 res
1096 645 1271 712 historieeo

165 750 341 845 patiuntur.
385 748 543 835 Equidem
566 750 651 818 hane
672 750 752 818 miti
775 750 881 835 legem
896 752 1025 837 seripsi,
1048 761 1084 820 ut
1105 775 1172 820 non
1185 775 1270 841 quae

163 868 299 946 possent
321 858 436 926 malins
450 860 560 945 soriti,
581 863 640 928 sed
654 882 737 946 quae
759 860 858 929 aliter
871 863 994 948 seripte
1010 875 1091 928 ,esse
1103 871 1269 950 oporteret

161 991 373 1056 quaererem3
391 991 460 1036 nee
488 991 671 1054 proponam
696 971 758 1036 nisi
786 993 845 1036 eas
867 975 1093 1060 ooejeetures,
1118 994 1205 1061 qaae
1232 978 1270 1040 et

163 1100 224 1162 per
252 1099 288 1142 se
316 1078 523 1144 necessariae
554 1084 591 1142 et
618 1078 759 1162 repetita
783 1079 923 1150 lentioue
938 1083 1163 1160 eoniirnratae
1190 1081 1269 1148 milti

163 1186 346 1271 videantur,
367 1186 610 1272 praetermissis
637 1185 713 1252 eliis
735 1185 823 1252 laaud
847 1191 1070 1280 paueioribas,
1091 1190 1271 1278 dequibus

161 1295 324 1362 vellavis
352 1296 509 1361 dubitatio
542 1297 675 1364 suborta
704 1295 756 1364 eit.
791 1331 835 1346 -·-
872 1298 965 1371 Quod
992 1307 1101 1366 nutem
1129 1321 1268 1386 parvum

161 1412 196 1470 et
217 1405 304 1470 exile
325 1407 550 1491 existimatur,
575 1405 711 1491 siugulis
732 1405 837 1472 literis
859 1414 894 1471 et
915 1405 1045 1473 lineolis
1065 1415 1270 1475 commntan-

160 1514 212 1580 dis
234 1514 481 1597 inhaereseere‚
510 1516 656 1600 equidem
678 1514 840 1602 usquein
863 1537 904 1582 aa
926 1535 995 1580 sum
1019 1518 1202 1602 sententie,
1229 1523 1266 1582 ut

161 1624 245 1690 huno
257 1625 394 1691 criticae
420 1606 505 1690 artis
523 1646 616 1691 usum
638 1625 786 1690 ultimum
809 1623 908 1690 finem
931 1631 965 1690 et
987 1626 1079 1710 quasi
1102 1637 1264 1694 summurn

159 1734 277 1800 bonum
301 1756 374 1808 esse
396 1755 561 1818 censeam,
582 1754 644 1821 quo
665 1734 854 1800 referantur
875 1733 1045 1801 literarum
1066 1734 1264 1819 studimner

157 1867 221 1932 qne
249 1865 326 1926 vero
353 1844 524 1929 quidquam
554 1844 586 1908 ia
614 1843 702 1908 omni
732 1844 879 1911 doetrine
904 1865 1042 1925 parvum
1076 1865 1150 1912 esso
1177 1842 1263 1910 arbi·

158 1964 239 2039 tror,
262 1957 435 2020 dummodo
457 1956 499 2022 ed
514 1974 675 2020 summum
690 1951 789 2018 finem
803 1957 894 2016 reete
912 1951 1081 2035 dirigatur.
1116 1952 1263 2021 Primum

156 2085 238 2132 sane
261 2087 301 2130 aa
322 2085 482 2128 summum
504 2071 557 2126 est
584 2064 618 2126 in
638 2061 779 2146 legendo
795 2059 989 2146 Aristotele,
1009 2068 1045 2126 nt
1065 2061 1138 2142 ejus
1159 2059 1261 2145 philo

156 2173 306 2256 sophiam
333 2193 566 2258 regnassemus
589 2171 846 2259 eaqueeogeita
872 2170 904 2236 in
933 2170 1168 2257 perspiciendis
1194 2169 1261 2238 eol·

155 2283 332 2369 vendisque
368 2282 570 2367 gravissimis
600 2283 737 2360 ¹seientli
778 2281 1025 2368 quaestionibus
1058 2283 1262 2361 edjrwemm.

153 2393 221 2460 Sed
245 2393 489 2478 philosophum,
516 2392 624 2478 qualis
645 2400 697 2463 est
719 2391 932 2472 Aristoteles,
955 2389 1077 2454 fradra
1098 2412 1135 2456 se
1163 2389 1260 2456 intel·

152 2504 311 2570 lecturum
336 2510 457 2589 speret,
479 2504 533 2587 qui
555 2501 685 2583 singula
706 2520 852 2584 quaeque
875 2500 983 2582 magis
1004 2499 1154 2569 universe
1176 2498 1258 2566 divi.-

153 2635 253 2679 nnsse
274 2636 369 2700 quam
392 2614 522 2700 penitus
543 2609 753 2696 perspexisse
775 2609 856 2672 satis
879 2607 1048 2693 habuerit,
1077 2607 1130 2676 vol
1155 2606 1258 2674 verba

154 2706 338 2810 philesophi
367 2742 522 2806 perverse
552 2719 710 2804 explicita
743 2719 879 2785 intrusis
910 2718 1040 2784 alienae
1074 2717 1260 2802 sapientiae·

153 2834 345 2900 commentis
372 2832 552 2896 illustrasse
580 2831 641 2894 sibi
668 2831 826 2896 videatur.
883 2828 979 2901 Quod
1006 2835 1120 2892 nostra
1144 2833 1256 2892 aetate

153 2943 286 3029 saepius
307 2941 424 3006 fidueie
446 2949 480 3006 et
500 2941 691 3025 arrogantia
713 2961 777 3004 non
799 2939 935 3024 minore,
957 2960 1052 3024 quam
1069 2935 1256 3020 ignorantia

151 3063 186 3120 et
214 3053 348 3120 levitate
378 3053 497 3118 laetum
528 3053 691 3132 vidernus3
724 3049 890 3133 dedignati
924 3047 1075 3116 nimirum
1103 3045 1189 3110 exile
1220 3051 1254 3110 et

2 3241 9 3252 .
95 3246 100 3255 ¹
149 3165 366 3230 delbrmatnm
394 3162 515 3243 injuria
535 3169 717 3247 temporum
745 3159 938 3246 philosophi.
954 3177 1073 3240 eorpus
1092 3154 1255 3239 eontueri,

150 3295 246 3360 qnnm
270 3277 312 3336 nd
334 3275 438 3357 ipsam
462 3271 625 3354 ingenium
648 3272 812 3338 excelsum
829 3277 865 3336 et
879 3265 1064 3334 immortale
1078 3285 1252 3351 oapessen·

149 3387 224 3450 dum
249 3388 366 3463 ruunt,
395 3380 544 3444 nebulam
572 3401 631 3464 pre
652 3381 784 3448 «lunone
805 3379 1053 3466 ampleetuntur.
1098 3376 1253 3443 Gentem·

149 3516 211 3560 nas
239 3493 315 3560 lieet
336 3490 484 3578 putidam
505 3489 676 3554 verberum
698 3491 892 3572 doctrinam,
913 3490 1099 3554 medaeam
1114 3483 1251 3556 noorai*

148 3606 242 3672 seris.
287 3600 425 3686 Singula
446 3619 603 3686 quaeque,
624 3605 657 3664 et
679 3600 782 3663 rerba
802 3607 836 3666 et
858 3596 1104 3664 enunciationes
1124 3603 1159 3664 et
1176 3615 1250 3660 seu·

147 3716 326 3784 tertiarum
347 3711 512 3796 ordinem,
538 3708 668 3794 penitus
688 3715 862 3795 perspecta
882 3729 956 3774 esse
977 3713 1126 3792 oportet,
1150 3705 1179 3768 si
1201 3703 1249 3786 ip·

149 3845 221 3888 snm
234 3822 447 3888 Aristotelem
471 3819 673 3885 intellexisse
695 3816 875 3884 existimari
897 3817 1058 3898 volumns3
1078 3837 1162 3903 quae
1176 3810 1246 3877 fun·

148 3936 302 4002 demente
328 3933 391 3998 nisi
419 3931 514 3998 firma
541 3929 721 4016 egerimus,
747 3937 873 3996 temere
895 3929 999 4013 ipsum
1021 3919 1247 4014 philosophiae

148 4065 229 4130 opus
251 4051 475 4128 superstruere
496 4040 696 4106 conabimur.
739 4040 807 4108 Sed
829 4039 860 4106 in
885 4040 946 4105 hoa
966 4054 1088 4120 genere
1101 4031 1248 4121 expliea-
