2898 4494
224 281 286 346 122

221 443 432 532 quaesierint,
454 464 518 529 qua
541 443 688 523 ejusderu
711 444 853 509 notionis
875 444 928 508 vei
957 443 1103 524 ejusdem
1134 448 1181 511 rei
1213 445 1319 530 pidree

220 563 318 619 notae
342 555 373 616 iu
397 538 495 618 uuum
518 555 772 636 conjungantur,
795 552 917 617 frustra
940 551 1144 618 laboraturos
1160 557 1319 622 Aristote-

218 665 269 730 les
291 665 380 748 dieit,
403 671 437 728 et
459 665 670 749 nequidquam
695 685 781 728 vana
804 671 837 727 et
860 664 970 727 inania
993 665 1123 729 nomina
1150 664 1319 751 effingere,

218 775 319 842 vetuti
341 778 478 858 μέθεξιν,
500 779 670 837 συνουσίαν
683 774 721 856 ¹),
743 775 900 850 σύνδεσιν,
924 774 984 837 uisi
1002 776 1229 861 perspexerint
1244 799 1320 864 que·

218 887 313 950 ruodo
326 892 359 948 et
370 883 523 948 distinete
539 889 572 946 et
582 885 756 964 conjuncta
768 883 833 947 sint
848 891 939 949 aetus
955 891 988 948 et
1005 887 1159 969 potentia.
1191 885 1316 950 Harnrn

218 995 303 1060 enirn
320 992 352 1057 vi
375 999 410 1056 et
432 1000 550 1056 natura
571 1001 746 1077 perspecta
768 993 865 1060 facile
880 993 970 1058 illam
987 997 1211 1082 quaestionem
1227 997 1317 1064 solvi.

219 1104 313 1174 erod
336 1103 389 1166 ubi
412 1087 574 1185 exposuit,
598 1103 648 1166 his
672 1103 779 1168 verbis
801 1126 870 1167 reru
893 1105 1068 1170 eoneludit:
1091 1107 1156 1170 ἔστι
1170 1106 1203 1170 δ’
1217 1109 1319 1190 «terre

216 1218 341 1297 εἴρηται,
363 1216 416 1275 καὶ
436 1210 454 1297 ἦ
477 1212 588 1296 ἐσχάτη
610 1213 669 1297 ὕλη
691 1219 744 1276 καὶ
764 1213 783 1298 ἦ
804 1214 910 1297 μορφὴ
932 1213 1028 1276 satiro*
1051 1221 1103 1277 aei
1118 1217 1261 1300 δυνάμει,
1283 1218 1318 1281 τὸ

216 1323 253 1388 δὲ
275 1324 422 1406 ἐνεργείᾳ.
466 1321 611 1384 Priruurn
635 1323 721 1386 suisa
744 1323 949 1387 distinetione
965 1325 1128 1387 sententia
1144 1327 1319 1390 obscurata

216 1445 284 1519 μεὶς
313 1453 418 1515 neque
446 1432 532 1495 eninr
563 1439 636 1516 pest
664 1434 810 1517 δυνάμει,
839 1435 895 1509 sed
926 1440 1000 1516 post
1026 1431 1124 1498 ταύτό
1153 1443 1318 1501 caminate

192 1543 480 1623 ‘distinguendum
509 1549 575 1621 est3
605 1543 722 1606 deinde
750 1551 829 1606 unte
857 1543 993 1626 δυνάμει
1022 1565 1122 1625 aegre
1152 1544 1318 1609 desideres

118 1666 130 1677 ‘
214 1653 252 1718 ed
273 1657 340 1736 μέν,
360 1649 618 1734 eui'eppositurn
641 1652 684 1715 sit
705 1652 740 1716 τδ
765 1652 808 1728 δέ,
831 1652 876 1715 uti
898 1653 1009 1738 pantio
1038 1656 1179 1717 aritede
1202 1657 1330 1719 eadenr'

213 1785 251 1828 re
279 1762 356 1826 dicit
385 1763 413 1824 ei
439 1760 471 1823 d’
500 1761 595 1835 ἐστὶν,
627 1762 732 1847 ὥσπερ
758 1762 902 1845 λέγομεν,
935 1762 976 1826 rei
1009 1769 1077 1847 μὲν
1109 1763 1179 1848 ὕλη
1208 1764 1247 1828 ιδ
1276 1765 1317 1828 δὲ

213 1874 358 1957 μορφή,
379 1874 442 1935 καὶ
463 1870 503 1936 ιδ
525 1875 594 1962 μὲν
616 1871 789 1955 δυνάμει
810 1871 851 1936 εδ
867 1871 899 1935 δ’
915 1871 1103 1957 ἐνεργείᾳ,
1119 1872 1317 1938 οὓκέειάπο-

213 1986 267 2068 ρία
289 1981 410 2059 δόξειεν
431 1983 475 2044 ἄν
495 1984 577 2044 εἶναι
598 1980 633 2046 εδ
657 1979 844 2066 ζητούμενον
857 2003 887 2065 p.
905 1987 1072 2066 1045a23.
1102 1983 1182 2047 inde
1197 1981 1314 2065 loeuur,

206 2109 308 2178 ‘quern
337 2111 437 2174 supra
466 2092 576 2174 posui,
604 2090 650 2153 ita
678 2093 916 2156 emendandum
945 2093 1100 2156 arbitror:
1134 2093 1199 2156 ἔστι
1226 2129 1268 2139 -
1295 2093 1314 2178 ἦ

213 2203 324 2284 ἐσχάτη
345 2199 403 2284 ὕλη
424 2205 476 2262 καὶ
497 2198 516 2285 ἡ
537 2201 643 2286 μορφὴ
664 2199 770 2274 ταύτό,
793 2201 834 2265 ιδ
852 2205 925 2284 μὲν
946 2202 1113 2284 δυνάμει
1127 2202 1162 2266 αδ
1179 2203 1215 2266 δὲ
1229 2202 1315 2287 ,ἐνερ-

211 2315 289 2392 peip,
317 2297 369 2375 vei
399 2317 531 2373 retenta
558 2308 718 2396 partiente
743 2313 797 2372 καί
822 2345 865 2356 -
891 2316 955 2373 καὶ
981 2311 1022 2376 ιδ
1049 2315 1118 2394 μὲν
1151 2312 1317 2396 δυνάμει

212 2422 274 2486 κτλ.
307 2420 467 2484 Extrema
487 2421 625 2486 materia
648 2428 682 2486 et
699 2421 804 2485 ferrea
821 2399 917 2484 uuurn
936 2421 1087 2508 idemque
1105 2429 1192 2505 sunt,
1209 2407 1316 2487 ultera

212 2531 371 2617 potentia,
392 2532 497 2597 altere
515 2540 606 2613 aete,
629 2532 737 2618 itaque
756 2531 887 2595 omnino
908 2552 972 2594 uon
990 2532 1163 2618 requiritur
1180 2533 1315 2596 unitatis

211 2663 346 2725 eaussa,
373 2642 434 2705 uisi
452 2641 536 2706 forte
554 2643 676 2706 dixeris
693 2663 843 2707 caussam
863 2651 1059 2726 uroveuteur,
1080 2664 1143 2726 qna
1166 2644 1313 2726 potentin

211 2755 410 2836 perducatur
426 2755 466 2813 ad
482 2759 604 2834 actum,
628 2751 709 2836 πλὴν
723 2756 795 2816 εἴτι
815 2751 859 2830 ὥς
879 2758 1012 2838 κινῆσαν
1034 2753 1067 2816 ἐκ
1089 2754 1255 2836 δυνάμεως
1270 2755 1314 2830 εἰς

210 2862 376 2944 ἐνέργειαν.
404 2861 466 2925 ὅσα
490 2861 527 2925 δὲ
545 2861 587 2946 μὴ
606 2861 668 2942 ἔχει
688 2862 774 2946 ὕλην,
800 2866 907 2949 πάντα
933 2863 1043 2938 ἁπλῶς
1060 2866 1140 2948 ὅπερ
1165 2863 1246 2931 ὄντα
1271 2887 1311 2928 τι.

145 2985 152 3010 ’
209 2970 258 3036 At
274 2991 337 3033 nen
355 2972 464 3054 agitur
487 2973 527 3034 de
542 2993 661 3036 eaussa
676 2973 901 3056 exsistentiae,
925 2975 982 3038 sed
998 2973 1145 3055 unitatis,
1168 2994 1233 3036 nen
1255 2977 1316 3039 τοῦ

208 3086 298 3157 εἶναι,
322 3083 379 3145 sed
403 3088 461 3147 τοῦ
481 3087 517 3146 ἓν
538 3084 629 3146 εἶναι.
666 3081 778 3154 tiuare
800 3084 988 3168 recipienda
1010 3083 1041 3146 iu
1064 3090 1189 3148 texture
1213 3083 1309 3148 lectio

208 3195 279 3257 eod.
307 3192 357 3256 Ab
383 3195 491 3256 πάντα
518 3191 627 3267 ἁπλῶς
648 3194 727 3277 ὅπερ
750 3197 790 3257 ἓν
812 3217 859 3268 τι,
880 3193 1073 3278 praesertim
1097 3216 1193 3282 quuur
1216 3212 1311 3274 supe·

207 3303 346 3367 rioribus
367 3295 478 3368 uerbis
500 3300 691 3366 Aristotelis
714 3310 747 3367 et
771 3303 1041 3387 interpretatione
1064 3302 1246 3368 Alexandri
1269 3304 1313 3367 ad

207 3417 240 3480 h.
262 3414 283 3479 l.
307 3413 526 3478 confirmetur.
579 3409 628 3476 Os.
651 3433 683 3494 p.
709 3419 878 3485 tdd5a3d.
900 3417 972 3480 ὅσα
993 3415 1035 3479 δὲ
1056 3415 1103 3497 μὴ
1118 3414 1199 3494 ἔχει
1218 3413 1314 3496 etp

207 3561 250 3574 -
271 3521 386 3598 εὐθὺς
407 3525 504 3608 ὅπερ
526 3525 567 3586 ἕν
588 3545 624 3586 τι
645 3524 727 3614 εἶναί
748 3524 831 3590 ἐστιν
853 3528 996 3600 ἕκαστον,
1023 3525 1126 3604 ὥσπερ
1153 3527 1205 3584 καὶ
1232 3523 1311 3601 ὅπερ

209 3685 408 3695 Μ

276 3762 302 3826 1)
320 3762 345 3813 oi
363 3761 391 3813 δὲ
408 3763 677 3832 συνουσίανψυχῆς.
695 3779 721 3830 p.
741 3757 877 3813 reterre.
894 3754 979 3827 ψυχῆς
996 3765 1023 3809 et
1041 3757 1145 3810 redires
1164 3763 1191 3808 et
1208 3751 1310 3807 scholia

207 3863 231 3913 p.
249 3848 368 3902 ureae.
386 3855 507 3910 tuentur3
524 3846 571 3896 sed
589 3844 780 3896 sententiarum
799 3842 881 3896 nexui
904 3844 969 3896 adeo
993 3851 1136 3908 repugnet,
1159 3850 1189 3891 ut
1212 3856 1226 3890 e
1249 3857 1309 3908 pre·

206 3929 286 3980 xirnis
304 3929 394 3982 verbis
412 3926 497 4002 ὥσπερ
516 3955 549 3968 -
565 3926 612 3993 τὴν
628 3927 768 3998 ἐπιστήμην
784 3929 829 3982 τοῦ
845 3930 999 3982 ἐπίστασθαι
1016 3927 1062 3980 καὶ
1084 3927 1169 3998 ψυχῆς
1192 3923 1254 3978 illue
1278 3925 1310 3976 ir-

208 4012 322 4080 repsisse
340 4013 461 4068 arbitrer.
