2898 4494
1199 222 1264 320 ror

168 419 373 505 ἀφωρισμένη,
387 418 507 501 θατέρῳ
518 409 554 480 δὲ
565 412 600 478 τὺ
612 415 759 481 ὑννατόν.
777 414 949 482 Sententia
961 424 1153 500 apertaest}
1166 418 1261 482 nimi·-

165 551 238 592 rum
254 527 286 607 in
302 525 339 590 iis
354 523 513 610 exemplis
527 546 609 609 ιμιιιο
624 505 887 610 attulitalterurn
902 526 1011 612 utique
1027 527 1202 594 membrum
1218 532 1260 596 ad

170 639 322 726 ἐνέργειαν
343 637 548 703 referendum
571 641 632 720 est,
655 635 795 700 alterurn
819 640 859 702 ad
882 636 1028 720 δύναμιν.
1071 637 1137 702 Sed
1160 639 1260 706 verba

169 770 232 817 neo
253 749 406 816 ridentur
427 769 509 813 rane
532 768 621 830 esse3
644 769 781 833 nornque
803 755 837 813 et
859 769 908 824 exj
924 731 1105 819 sententiaa
1132 749 1260 816 ratione

170 867 203 926 et
225 883 268 926 ex
295 857 456 939 enunciati
478 857 731 924 conformatione
754 881 888 924 neoeme
915 865 967 926 est
996 860 1141 941 θάτερον,
1163 881 1259 946 quum

166 978 304 1055 utroque
331 967 401 1050 loeo
423 970 536 1032 eedem
561 969 654 1030 uredo
676 971 922 1050 construendum
946 968 999 1051 sit,
1023 970 1137 1041 eedem
1159 970 1258 1034 etiam

165 1103 245 1148 easn
260 1077 367 1153 scribi.
410 1077 524 1162 ltaque
539 1085 596 1142 aut
611 1077 716 1161 priore
733 1076 802 1147 loeo
819 1099 877 1162 pro
891 1085 1030 1164 θάτερον
1050 1081 1162 1164 μόριον
1183 1081 1258 1148 serlo

167 1192 329 1275 bendum,·
343 1197 377 1271 ut
399 1195 449 1252 est
472 1188 503 1252 io
520 1187 662 1270 coditio
667 1187 706 1262 Τ,
720 1190 844 1274 θατέρῳ
854 1192 959 1274 μορίῳ,
979 1189 1031 1275 qui
1052 1211 1147 1256 eastre
1162 1199 1259 1277 aptus

167 1302 212 1366 sit
238 1300 279 1364 ab
301 1299 378 1366 ἔστω
404 1298 617 1385 ἀφωρισμένη,
645 1298 891 1380 assignetur,
913 1300 1181 1384 attribuatur,
1202 1309 1260 1368 ortt

163 1411 346 1497 posteriore
360 1410 439 1491 ‚loeo
469 1429 526 1492 pro
555 1412 677 1496 θατέρῳ
705 1406 920 1476 nominativus
947 1409 1099 1494 θοίτερον,
1127 1410 1179 1493 qui
1209 1419 1259 1476 ast

165 1523 199 1589 iu
220 1522 290 1588 eod.
311 1519 357 1602 F,
377 1521 610 1587 construendus
631 1540 703 1584 eum
724 1516 812 1594 έστιο,
833 1518 881 1586 ita
903 1525 938 1589 ut
959 1517 1157 1606 ἀφωρισμένη
1184 1541 1258 1586 oon.

160 1635 319 1716 jungatur
345 1637 515 1717 tamquam,
530 1628 699 1714 epitheton
726 1650 798 1692 curn
826 1625 846 1716 ἦ
880 1627 1024 1714 ἐνέργεια.
1078 1629 1258 1718 Utrumque

164 1743 262 1810 habet
283 1763 363 1808 sane
384 1763 446 1826 qno
469 1740 677 1826 defendatur3
700 1741 758 1817 sed
781 1746 815 1803 et
837 1740 944 1822 aptius
965 1739 1163 1825 ἀφωρισμένη
1183 1761 1258 1806 eon·

164 1853 388 1944 jungitnreum
403 1852 539 1938 ἐνέργεια
553 1861 651 1912 aeter
666 1849 844 1930 definitur,
859 1849 917 1914 de'e
931 1847 1115 1926 bestimmte
1128 1847 1182 1914 W
1177 1850 1256 1916 irla-

160 1963 327 2045 acolaco,
355 1961 397 2026 ef.
425 1968 468 2034 E,
494 1968 525 2030 2.
550 1981 579 2044 p.
605 1965 743 2043 Ιοῦῦοῦ
770 1957 903 2040 δύναμις
924 1954 1081 2043 domnam,
1104 1963 1150 2034 Θ,
1168 1965 1202 2030 8.
1224 1985 1256 2048 p.

158 2075 322 2148 ,1⁰4on
344 2077 378 2134 et
399 2068 580 2137 Alexandri
602 2067 870 2152 interpretatione
892 2067 1114 2134 nominativus
1141 2072 1257 2137 eoulir-

158 2192 285 2253 -moturz
319 2183 431 2266 ταύτης
464 2179 503 2267 δη
537 2183 589 2265 τῆς
622 2178 780 2268 ἀιαῳοράς
810 2182 949 2266 θάτερον
981 2169 1093 2267 μόριόν
1124 2181 1206 2248 ἔστιν
1237 2182 1256 2269 ὑη

159 2298 311 2382 ἐνέργεια,
337 2291 374 2358 τό
401 2314 434 2356 τε
459 2286 541 2377 ὑράν
566 2296 619 2380 καί
651 2290 687 2360 τὺ
720 2292 928 2376 ἐγρηγορέναι,
954 2291 1126 2375 θοίτερον
1157 2292 1193 2357 ὑὲ
1219 2293 1256 2361 τὸ

156 2405 310 2479 δυνατόν,
331 2402 368 2468 τό
389 2425 421 2466 τε
441 2403 525 2485 μὺον
543 2407 597 2469 καὶ
618 2400 654 2464 ed
676 2399 847 2464 καθεῦδον.
867 2421 899 2484 p·
921 2403 1071 2472 781a18.

247 2519 286 2590 Θ,
306 2521 337 2586 9.
359 2536 390 2598 p.
417 2513 563 2598 leotw-
586 2509 653 2592 (Bi.
679 2513 751 2592 189,
773 2505 818 2589 9.)
841 2509 903 2574 ὅσα
923 2509 1004 2572 κατὰ
1031 2508 1067 2574 τὺ
1092 2509 1255 2578 δύνασθαι

53 2689 55 2694 ,
158 2627 289 2706 λέγεται,
309 2620 426 2688 ταὺτόν
447 2620 511 2682 ἐστι
532 2617 671 2684 ὑονατὺν
692 2618 854 2694 τάναντία,
875 2617 943 2683 οἷον
964 2619 999 2686 τὺ
1022 2619 1183 2688 δύνασθαι
1203 2621 1255 2686 λε-

160 2738 295 2819 γόμενον
316 2732 468 2812 ὑγιαίνειν
489 2719 605 2792 ταὺτόν
625 2725 689 2794 ἐστι
709 2735 761 2794 καὶ
782 2729 817 2796 re*
839 2734 962 2806 νοσοῦν,
982 2736 1035 2802 καὶ
1061 2733 1139 2815 ἅμα.
1181 2731 1253 2798 Νοιι

159 2848 193 2912 id
215 2843 300 2931 quod
322 2846 491 2924 aegrotum
515 2843 574 2902 est
595 2838 645 2922 (τὺ
667 2841 795 2924 νοσοῦν)
818 2839 904 2906 idem
926 2841 1037 2906 valere
1052 2847 1172 2926 potest,
1195 2844 1252 2908 red

155 2958 193 3025 -id
220 2955 303 3041 quod
331 2956 468 3040 potest
497 2957 670 3034 aegrotare
698 2950 781 3016 idem
810 2959 922 3035 potest.
953 2953 1079 3032 dalere3
1112 2974 1252 3041 namque

159 3064 276 3132 ταὺτόν
296 3063 359 3128 ἐστι
380 3061 555 3128 ἀονατὺν
580 3059 742 3126 τάναντία.
787 3059 1007 3136 Quamobrem
1034 3083 1094 3146 pro
1121 3062 1156 3128 τὺ
1185 3086 1251 3128 νο·

158 3180 252 3241 σοῦν
280 3173 483 3239 scribendum
511 3180 562 3239 est
588 3172 624 3237 τὺ
653 3182 780 3237 νοσεῖν
806 3193 850 3236 se.
881 3172 1043 3236 donandae
1075 3172 1251 3258 ίσγιίμενον.

157 3283 271 3350 Fidem
295 3283 367 3346 truie
388 3281 595 3364 eeujeoturae
616 3283 740 3362 faeiunt
763 3289 795 3346 et
818 3281 967 3366 proxima
996 3282 1095 3349 rerba
1122 3283 1250 3350 Aristo-

158 3393 234 3465 telis
254 3391 273 3479 ἡ
295 3389 373 3476 αὕτη
391 3390 453 3478 γάρ
474 3390 606 3474 δύναμις
628 3398 684 3458 τοῦ
705 3389 855 3472 ὑγιαίνειν
875 3397 927 3458 καὶ
940 3372 1084 3478 κάμνειν,
1107 3399 1159 3460 καὶ
1180 3394 1251 3479 ἦρε-

155 3516 227 3591 μείν
246 3509 299 3594 καί
318 3504 473 3567 κινεῖσθαι
498 3501 575 3576 aad,
604 3507 637 3564 et
659 3499 831 3588 explicatio
853 3501 1035 3576 Alexandri
1056 3509 1248 3590 p.784a47.

158 3617 179 3682 ὅ
198 3616 258 3700 γάρ
280 3611 415 3678 δύναται
436 3608 595 3691 ὑγιαίνειν,
617 3616 708 3676 τοῦτο
730 3615 782 3675 καὶ
802 3625 931 3678 νοσεῖν
953 3615 1029 3700 ἅμα.
1151 3611 1153 3618 ’
1183 3682 1187 3693 ‚

242 3727 320 3801 l‚3.
348 3744 380 3808 p-
404 3727 570 3798 leaenae
597 3721 666 3804 (Bt.
699 3725 776 3804 198,
807 3720 849 3806 l.)
890 3720 1064 3800 Quaeritur
1090 3726 1247 3814 quomodo

159 3855 256 3900 unum
278 3842 312 3900 et
335 3832 448 3916 multa,
470 3832 505 3898 τὺ
528 3837 563 3896 ἓν
581 3837 634 3900 noi
655 3831 694 3898 τοὺ
715 3831 819 3896 πολλά
845 3829 906 3896 sibi
931 3833 1017 3901 inter
1039 3858 1075 3902 se
1097 3835 1247 3920 opposita

159 3945 235 4012 sint.
257 3944 323 4010 ἐπεὶ
344 3943 403 4010 οὑν
424 3941 459 4010 αὑ
475 3941 654 4020 ,ἀντιθέσεις
674 3946 833 4028 τετραχῶς,
854 3947 906 4008 καί
927 3945 1046 4010 τούτων
1070 3945 1150 4010 rard
1178 3949 1245 4010 στέ-

158 4044 247 4142 ’ρησιν
266 4053 386 4136 λέγεται
405 4056 552 4142 θάτερον,
573 4052 701 4126 ἐναντία
722 4055 765 4124 ἀν
785 4057 839 4144 εἴη,
859 4059 911 4122 καί
932 4053 1004 4120 οὔτε
1024 4049 1066 4130 oie
1081 4053 1244 4142 ἀντίφασις

1435 3919 1437 4055 l

1432 4059 1436 4152 ι
