2906 4500
1199 285 1241 350 21

140 456 261 540 φησίν
281 449 343 516 κτλ.
365 456 401 514 ut
423 468 487 514 nou
511 454 625 534 suopte
647 446 778 531 ingenio
794 445 969 531 addidisse,
992 447 1050 512 sed
1066 448 1152 532 apud
1168 441 1243 512 Art-

142 559 295 625 stoteleur
316 559 437 644 legisse
460 556 618 623 videatur.
665 557 736 620 Non
760 559 875 622 eadem
900 557 1081 636 Alexandri
1103 556 1244 621 auetori-

141 677 212 735 tate
239 670 445 735 confirmare·
466 689 615 752 possum,
648 669 731 751 quod
759 665 951 753 particulam
984 667 1003 751 ἢ
1030 667 1244 732 omittendum

142 779 268 860 uensui3
296 797 434 862 numque
461 797 536 842 eam
560 779 631 858 jam
653 775 880 841 Alexandrum
909 775 941 838 in
965 781 1060 840 textu
1082 777 1244 842 invenisse

142 889 216 954 inde
246 893 403 972 apparet,
430 889 514 974 quod
543 885 655 950 seribit
676 888 697 970 ἢ
718 889 748 948 εἴ
767 909 812 961 τις
835 885 877 970 μὴ
901 884 1047 967 βούλοντο
1074 881 1174 966 λέγειν
1194 887 1245 949 ὅτι

140 996 160 1064 d
183 997 386 1080 ἀνθρώπινος
412 1000 488 1068 νοῦς
516 989 626 1072 λεγέτω
652 994 899 1078 καθολικώτερον
926 995 975 1058 ὅτι
1002 990 1021 1059 o‘
1045 998 1107 1058 τών
1129 997 1244 1057 συνθέ-

141 1127 205 1170 των
226 1109 312 1178 νοῦς.
341 1124 371 1186 p.
394 1101 534 1174 810b4.
584 1097 652 1162 Sed
679 1099 732 1184 qui
760 1101 961 1182 significetur
983 1124 1025 1166 ex
1053 1101 1245 1166 Aristotelis

143 1210 306 1278 mutantia
336 1210 586 1294 καθολικώτερον
617 1211 680 1271 τών
712 1211 874 1272 συνθέτων
909 1212 998 1285 νοῦς
1016 1211 1071 1276 vix
1104 1210 1244 1290 dixeris3

85 1343 88 1348 ·
141 1328 316 1408 praeterea
344 1327 379 1386 et
408 1316 549 1404 exempli
574 1315 738 1382 evidentia
764 1315 935 1399 minuitur,
963 1337 1058 1402 quum
1087 1341 1109 1382 a
1136 1323 1246 1402 speeie

142 1435 185 1495 ad
212 1451 316 1513 genus
338 1428 516 1508 transitur,
549 1433 583 1491 et
604 1427 687 1510 quod
709 1432 760 1489 est
781 1424 1009 1508 gravissimum
1032 1427 1246 1510 oppositionis

145 1537 195 1602 vis
221 1534 366 1620 tollitur,
399 1555 483 1622 quae
514 1533 546 1598 in
581 1555 620 1599 eo
653 1535 814 1620 eernitur,
845 1537 931 1621 quod
963 1536 1107 1602 humana
1141 1556 1246 1618 mens,

144 1666 338 1732 quamquam
366 1649 406 1709 ad
434 1643 613 1728 eornposita
646 1644 802 1728 pertinet,
836 1651 948 1710 tannen
975 1646 1007 1709 in
1034 1646 1245 1730 oouoipiendo

144 1777 183 1822 eo
211 1757 294 1841 quod
322 1762 374 1819 est
401 1755 519 1819 bouum
541 1777 614 1819 eum
638 1777 764 1818 summa
790 1761 898 1820 monte
926 1755 1100 1845 epnspirut.
1145 1754 1245 1819 Deni-

142 1887 204 1954 que
226 1867 310 1952 qnod
333 1865 371 1932 δέ
390 1867 423 1931 iu
447 1865 485 1950 δή
507 1862 630 1928 mutavi
652 1886 672 1928 a
693 1863 856 1928 constanti
878 1870 912 1925 et
929 1863 1116 1928 Aristotelis
1138 1872 1172 1930 et
1194 1887 1244 1930 re-

141 1975 301 2062 liquorum
335 1975 529 2058 seriptorum
561 1993 622 2036 usu
650 1971 767 2036 fenim
795 1969 874 2034 milri
901 1970 1024 2037 videor.
1070 1971 1120 2036 uf.
1142 1978 1187 2054 K,
1214 1981 1245 2043 3.

143 2108 174 2170 p.
199 2081 541 2164 1061ο8.[1κττυο3,
573 2078 701 2145 Partilr.
725 2079 758 2164 l,
787 2101 819 2165 p.
839 2086 914 2152 272.
958 2081 1039 2146 ludo
1067 2081 1149 2146 haee
1175 2081 1245 2147 iore

145 2192 285 2258 exsistet
306 2192 476 2256 verborum
493 2189 670 2254 sententia:
700 2189 979 2264 Quemadmodum
994 2191 1088 2272 enim¹
1104 2191 1246 2254 lrurnaua

144 2323 265 2384 mens,
279 2300 359 2364 lieet
379 2299 558 2385 oornposita
578 2299 738 2383 cogitans,
762 2299 924 2366 interdurn
947 2323 983 2364 so
1006 2300 1104 2366 habet
1127 2302 1245 2386 (nequo

142 2411 229 2476 enim
252 2411 284 2473 in
307 2410 453 2494 partibus
476 2411 628 2492 detenta,
651 2412 708 2471 sed
730 2415 832 2470 totum
856 2429 1034 2495 occupans,
1058 2411 1245 2495 adsequitur

143 2523 174 2585 id
203 2523 286 2608 quod
315 2526 365 2583 est
399 2519 536 2602 bonum,
570 2525 669 2602 atque
696 2515 727 2579 id
757 2516 919 2581 diversum
950 2541 970 2581 a
998 2539 1034 2584 se
1061 2518 1164 2602 ipsa):
1199 2519 1245 2582 ita

141 2652 219 2699 vero
242 2630 300 2694 illa
321 2629 370 2692 sui
394 2626 497 2711 ipsius
519 2625 736 2710 intelligentia
758 2647 817 2710 per
839 2647 935 2692 enine
957 2647 1072 2691 aevum
1097 2627 1205 2694 habet.

62 2727 65 2734 ’
228 2745 282 2814 Μ,
302 2747 333 2810 6.
356 2759 387 2821 p.
413 2741 581 2808 1080825.
611 2738 682 2816 (Br.
703 2741 779 2820 270,
805 2740 869 2816 ll.)
912 2737 1168 2801 Examinaturns
1191 2740 1246 2802 do·

143 2848 282 2914 etrinum
306 2866 416 2910 eorum
440 2845 717 2931 philosophorum,
738 2847 791 2936 qui
809 2869 961 2910 numeros
982 2853 1147 2933 tamquam
1171 2849 1245 2913 sub·

143 2955 283 3021 stantius
305 2962 339 3020 et
360 2977 467 3020 rerum
490 2956 648 3040 principia
669 2963 856 3042 posuerant,
877 2956 1077 3024 Aristoteles
1092 2980 1133 3023 ne
1148 2979 1245 3048 quam

141 3067 190 3132 rei
212 3073 338 3151 partem
364 3067 602 3150 praetermittat
625 3068 773 3152 exponit,
801 3073 877 3151 quot
905 3067 1035 3130 omuino
1062 3065 1165 3130 modis
1187 3089 1244 3130 uu·

141 3176 223 3239 meri
245 3175 382 3259 eogitari
405 3182 438 3238 et
460 3182 624 3262 tamquam
648 3176 850 3246 substantiae
873 3175 948 3262 poni
967 3175 1102 3263 possint.
1139 3175 1244 3262 Opor-

142 3288 192 3347 tet
214 3291 335 3366 nutom,
357 3283 416 3367 ait,
437 3291 494 3348 aut
517 3306 629 3349 omnes
645 3287 787 3354 unitates
803 3286 879 3370 poni
895 3284 1128 3352 eonsooiabiles
1151 3287 1243 3370 (σομ-

141 3390 282 3476 atera),
308 3397 365 3453 aut
387 3412 501 3454 omnes
522 3393 801 3480 inoonsoeiabiles,
824 3403 882 3460 aut
903 3395 986 3460 alias
1008 3395 1243 3460 eousoeiabiles

141 3502 228 3565 alias
245 3499 522 3564 ineensoeiahiles.
567 3501 631 3563 Sed
648 3521 710 3585 qna
732 3505 857 3569 ratione
880 3504 1079 3570 Aristoteles
1100 3507 1243 3570 unitates

142 3611 297 3694 distingui
318 3609 411 3698 velit,
435 3611 519 3698 quod
541 3607 624 3674 alias
651 3610 884 3678 consociabiles
906 3615 989 3686 alias
1012 3615 1243 3685 iueousoeiabi-

141 3721 193 3784 les
213 3721 289 3806 poni
312 3721 407 3804 dicit,
436 3723 467 3784 id
490 3721 699 3805 obseuratur,
726 3721 754 3784 si
780 3743 853 3786 eum
875 3721 1028 3790 Beklrero
1055 3733 1088 3791 et
1110 3724 1242 3808 reliquis

143 3830 321 3896 editoribus
350 3832 432 3895 burro
457 3831 491 3893 in
522 3832 651 3894 modum
680 3831 936 3898 distinxerimus:
969 3837 989 3920 ἢ
1014 3836 1071 3910 τὰς
1099 3839 1156 3922 μὲν
1184 3838 1242 3912 (se.

142 3937 276 4024 ἀνάγκη)
299 3940 473 4028 συμβλητὰς
494 3939 551 4022 τοὶς
573 3940 609 4004 δὲ
629 3941 682 4026 μνη,
705 3939 773 4005 οἷον
794 3942 823 4004 sl
841 3941 906 4007 ἔστι
926 3945 1006 4027 μετὰ
1028 3944 1063 4006 τὸ
1085 3948 1120 4006 ἓν
1137 3944 1241 4028 πρώτη

142 4047 279 4135 rideris,
308 4047 416 4116 ἔπειτα
443 4049 461 4138 ἧ
484 4050 571 4137 τριὰς
598 4055 650 4116 καὶ
676 4053 759 4118 οὕτω
785 4050 825 4138 δη
847 4049 864 4118 ὁ
888 4051 984 4124 ἄλλος
1006 4048 1151 4130 ἀριθμός.
1186 4053 1243 4116 εἰσὶ
