2906 4500
200 213 244 282 24

201 372 371 462 incipitur,
407 393 503 462 quem
532 372 855 460 Treudeienburgiur
887 374 1015 442 videtur
1046 379 1232 464 significare
1264 385 1307 448 ad

202 483 306 552 Arist.
336 487 377 550 de
406 505 458 548 an.
485 507 517 572 p.
538 487 667 568 ὄπ’),
694 491 729 550 et
756 507 797 550 ex
820 484 892 572 ipsa
918 485 980 558 hae
1008 490 1142 573 apodooi
1165 491 1307 575 protasis

203 601 238 660 et
258 593 476 678 distinguetur
497 602 532 661 et
553 593 771 679 explicabitur
792 593 917 679 aptiusr
939 597 985 662 ἔτι
1007 597 1114 685 ennea
1135 598 1201 664 dour
1221 605 1308 686 πρῶ-

202 726 259 769 τον
284 708 343 787 μὲν
369 701 448 770 mind
477 703 512 770 τδ
540 707 587 780 ἓν,
614 703 723 770 ἔπειτα
750 709 814 770 τῶν
839 703 947 768 ἄλλων
973 706 1037 770 ἔστι
1063 729 1092 770 τι
1119 714 1244 794 πρῶτον
1272 715 1307 774 ἓν

203 812 351 898 δεύτερον
378 813 415 880 ’δὲ
440 826 506 897 μετ’
531 811 644 890 derivo,
676 815 729 877 οιαὶ
755 813 862 878 πάλιν
880 811 983 898 τρίτον
1015 815 1051 878 ed
1078 815 1226 902 δεύτερον
1250 821 1309 903 μὲν

202 921 281 1005 μετά
308 923 344 988 τδ
372 924 518 1005 δεύτερον
545 925 647 1002 τρίτον
674 921 711 987 δὲ
736 923 815 1006 μετά
843 921 878 990 τδ
907 927 1032 1010 πρῶτον
1053 908 1110 990 ἕν’
1129 928 1208 992 ὥστε
1228 928 1306 1011 κτλ,

203 1029 225 1095 i.
257 1053 286 1096 ο.
324 1030 479 1121 etquidem
514 1029 620 1114 prima
654 1032 769 1112 dyadis
802 1033 911 1096 unitas
947 1033 1142 1116 reliquarum
1179 1037 1308 1122 quidem

204 1139 348 1201 omnium
364 1138 537 1224 unitatum,
552 1149 690 1226 excepto
705 1146 749 1228 τῷ
762 1138 884 1211 adroso,
899 1138 1016 1220 primu,
1040 1142 1096 1201 sed
1111 1152 1186 1220 post
1202 1146 1307 1223 ipsum

203 1243 319 1311 αδτοέν
351 1251 494 1315 secunda
527 1257 596 1329 est,
634 1249 707 1309 iude
736 1265 939 1330 consequeus
965 1251 1033 1328 est,
1066 1251 1103 1307 ut
1129 1251 1308 1312 seeundo

205 1358 344 1423 exsistat
365 1360 474 1422 unitas
496 1363 668 1438 antequam
690 1353 719 1416 is
741 1352 812 1437 ipse
833 1375 999 1439 numerus,
1021 1375 1064 1419 ex
1084 1376 1146 1439 quo
1167 1357 1241 1442 quid
1258 1379 1307 1422 se·

204 1468 342 1530 eundum
366 1463 492 1548 dieitur,
514 1462 658 1530 binarius
679 1483 844 1547 numerus,
867 1484 1017 1530 exousus·
1028 1463 1081 1548 sit,
1104 1465 1252 1550 idemque
1275 1467 1308 1530 iu

204 1572 338 1658 reliquis
359 1581 592 1658 consequetur,
620 1578 656 1636 nt
681 1573 824 1637 unitate·
846 1594 904 1656 pro
928 1595 986 1637 suo
1008 1574 1120 1638 ordine
1143 1581 1308 1660 tamquam

204 1681 314 1765 tertia,
336 1689 464 1771 quarta,
485 1682 598 1768 quinta
619 1689 682 1747 eet,
705 1680 936 1764 signifioandae
958 1683 1034 1767 sint,
1057 1691 1230 1769 autequam
1253 1707 1310 1748 ex·
1345 1691 1348 1700 '

208 1789 352 1856 stiterint
376 1791 436 1878 ipsi
458 1791 480 1856 ii
502 1791 646 1874 numeri,
668 1792 847 1876 ternarius,
869 1793 1074 1878 quatenariue
1095 1799 1176 1877 oet,
1202 1815 1221 1858 e
1243 1795 1310 1878 qui-

206 1899 267 1966 bus
288 1901 505 1967 nominentur.
544 1899 702 1983 Syriauus
717 1922 812 1987 quum
835 1901 919 1966 alias
934 1903 1038 1968 multa
1052 1911 1203 1989 nugetur,
1226 1905 1310 1971 hune

205 2009 312 2075 looum
335 2018 425 2075 reete
448 2011 701 2093 interpretatur:
730 2011 808 2094 μετά
830 2011 865 2076 ed
888 2017 923 2076 dv
944 2014 980 2077 τδ
1002 2012 1167 2099 ἀρχηγοιδν
1187 2049 1231 2064 -—
1252 2014 1311 2078 ἐὰν

206 2117 264 2206 τὴν
284 2122 440 2203 προτέραν
460 2119 590 2202 μονάδα
609 2123 663 2204 τῆς
684 2119 805 2194 δυάδος
827 2119 1046 2204 ἐπινοήσωμεν,
1068 2121 1154 2186 ἔσται
1176 2123 1256 2198 δυάς
1277 2123 1311 2186 ἔκ

207 2249 242 2292 τε
265 2230 322 2292 τοῦ
343 2225 414 2304 ἑνδς
435 2226 601 2314 ἆρχημκοῦ
621 2232 673 2291 καὶ
701 2233 754 2313 τῆς
774 2227 916 2310 μονάδος
936 2231 1061 2314 ταύτης,
1089 2236 1162 2314 πρὶν
1186 2235 1332 2314 γένηται·

208 2335 299 2412 δυάς·
320 2372 364 2385 -
384 2373 427 2386 —
448 2342 501 2407 καὶ
523 2335 573 2401 uisi
592 2334 612 2424 ἦ
634 2339 769 2421 ποδότης
787 2340 850 2401 τοῖν
863 2337 1015 2420 μονάδων
1028 2337 1311 2429 προάήψεταιτοδς

209 2445 341 2522 οἰκείους
366 2445 533 2532 ἀριθμούς.
588 2447 683 2532 (Seu.
712 2468 760 2536 gr.
789 2447 823 2514 iu
852 2445 954 2510 Arist.
980 2445 1060 2513 Met.
1087 2448 1161 2515 ooli.
1190 2448 1311 2514 Brund.

211 2574 243 2646 P·
265 2561 341 2640 308,
365 2556 437 2644 15).

297 2669 341 2746 N,
362 2673 394 2734 2.
415 2687 448 2747 p.
475 2670 619 2737 1089a7.
643 2665 713 2748 (Br.
734 2671 812 2750 294,
838 2669 903 2752 la.)
946 2667 1052 2740 Quum
1074 2666 1172 2731 Plato
1194 2673 1227 2731 et
1249 2664 1314 2746 Py·

212 2769 363 2855 thagorei
386 2780 562 2859 propterea
580 2773 721 2838 maxime
744 2794 885 2840 non-ens
907 2785 941 2840 et
958 2776 1157 2844 indefinitam
1174 2775 1314 2856 dyadem

212 2879 246 2944 in
268 2881 435 2971 principiis
457 2888 491 2946 et
513 2882 684 2947 elementis
706 2882 853 2968 posuisse
874 2885 1056 2968 videantur,
1078 2895 1114 2950 ut
1129 2909 1171 2954 ne
1185 2885 1316 2951 iuPar·

213 2991 398 3058 menideam
431 2991 571 3056 omniurn
605 3015 713 3058 rerum
750 2992 908 3058 unitatem
943 2994 1144 3076 redderent,
1181 2999 1239 3060 sed
1272 3016 1316 3060 ex

213 3107 289 3166 ente
316 3108 350 3167 et
371 3111 536 3168 non-ente
558 3123 665 3167 rerum
693 3100 930 3167 multitudinem
957 3107 1137 3188 produoera
1164 3109 1315 3188 possent:

212 3209 412 3277 Aristoteles
439 3213 543 3300 ipsam
574 3212 657 3278 hane
684 3211 841 3276 unitatem
870 3210 1076 3276 Parmenidis
1098 3213 1247 3278 subtilius
1269 3213 1316 3279 di.

212 3319 422 3406 judicandam
455 3329 585 3407 censet,
623 3343 662 3389 ao
695 3320 833 3406 primum
868 3321 996 3410 quidem
1029 3322 1062 3388 id
1094 3323 1317 3409 reprehendit,

216 3433 300 3522 quod
321 3429 537 3498 Parmenides
565 3431 700 3499 definire
728 3433 964 3518 supersederit,
992 3435 1076 3518 quod
1102 3434 1232 3498 tandem
1261 3452 1317 3497 en-

213 3539 294 3607 tium
316 3563 420 3628 genus
441 3563 539 3608 uuum
562 3563 636 3610 esse
657 3547 852 3613 eontenda'tz
878 3546 978 3610 καιτοι
999 3545 1124 3628 πρῶτον
1143 3546 1211 3630 μέν,
1232 3543 1261 3606 εἰ
1280 3541 1316 3606 τό

218 3743 416 3756 uun-*v-

285 3846 312 3914 1)
346 3844 388 3902 Cf.
405 3854 428 3912 1,
449 3851 475 3902 d.
496 3865 523 3918 p·
544 3851 684 3915 loaaaaa,
707 3857 746 3916 Ζ,
767 3851 808 3903 10.
830 3864 856 3916 p.
879 3844 1017 3912 laetula,
1040 3849 1145 3916 quode
1167 3847 1224 3902 toeo
1248 3846 1317 3904 intra

218 3940 320 3996 agetur,
339 3929 399 3986 Eth.
418 3929 450 3988 N·
464 3931 521 3996 vlt,
541 3935 581 3988 15.
599 3948 624 3999 p·
638 3935 762 4000 liddaz’t
780 3941 807 3984 οι
825 3930 881 3985 Zeu
901 3931 933 3984 ad
952 3931 977 3982 h.
991 3930 1008 3982 1.
1020 3947 1045 3999 p.
1057 3934 1115 3997 324,
1134 3931 1214 4006 Phys.
1233 3931 1278 4000 tlt,
1290 3935 1320 3987 df

217 4026 243 4080 p.
260 4015 382 4084 2ddad23
400 4005 545 4090 corruperari
563 4015 641 4069 etiam
662 4023 750 4085 potest
765 4014 834 4072 Xon.
852 4013 924 4070 Heil.
943 4013 1001 4081 vll,
1017 4017 1042 4079 δ,
1061 4017 1100 4071 ld.
