<?xml version="1.0" encoding="UTF-8"?>
<!DOCTYPE html PUBLIC "-//W3C//DTD XHTML 1.0 Transitional//EN"
    "http://www.w3.org/TR/xhtml1/DTD/xhtml1-transitional.dtd">
<html xmlns="http://www.w3.org/1999/xhtml" xml:lang="en" lang="en">
 <head>
  <title>
</title>
<meta http-equiv="Content-Type" content="text/html;charset=utf-8" />
  <meta name='ocr-system' content='tesseract 3.04.00' />
  <meta name='ocr-capabilities' content='ocr_page ocr_carea ocr_par ocr_line ocrx_word'/>
</head>
<body>
  <div class='ocr_page' id='page_1' title='image "./observationescr01bonigoog_0134.png"; bbox 0 0 2898 4494; ppageno 0'>
   <div class='ocr_carea' id='block_1_1' title="bbox 1152 273 1213 341">
    <p class='ocr_par' dir='ltr' id='par_1_1' title="bbox 1152 273 1213 341">
     <span class='ocr_line' id='line_1_1' title="bbox 1152 273 1213 341; baseline 0.016 -1"><span class='ocrx_word' id='word_1_1' title='bbox 1152 273 1213 341; x_wconf 78' lang='lat'><strong>127</strong></span> 
     </span>
    </p>
   </div>
   <div class='ocr_carea' id='block_1_2' title="bbox 68 436 1216 1844">
    <p class='ocr_par' dir='ltr' id='par_1_2' title="bbox 113 436 1216 970">
     <span class='ocr_line' id='line_1_2' title="bbox 116 436 1214 536; baseline -0.014 -21"><span class='ocrx_word' id='word_1_2' title='bbox 116 451 132 516; x_wconf 85' lang='grc' dir='ltr'>ὁ</span> <span class='ocrx_word' id='word_1_3' title='bbox 156 447 294 536; x_wconf 81' lang='grc' dir='ltr'><strong><em>δριθμδς</em></strong></span> <span class='ocrx_word' id='word_1_4' title='bbox 315 441 421 510; x_wconf 73' lang='grc' dir='ltr'><strong><em>αὐτῶν</em></strong></span> <span class='ocrx_word' id='word_1_5' title='bbox 443 443 531 508; x_wconf 79' lang='grc' dir='ltr'><strong><em>ἔσται</em></strong></span> <span class='ocrx_word' id='word_1_6' title='bbox 553 442 631 533; x_wconf 75' lang='grc' dir='ltr'><strong><em>ζῷα·</em></strong></span> <span class='ocrx_word' id='word_1_7' title='bbox 653 443 682 506; x_wconf 76' lang='grc' dir='ltr'><strong>εἰ</strong></span> <span class='ocrx_word' id='word_1_8' title='bbox 703 443 735 506; x_wconf 80' lang='grc' dir='ltr'><strong>δ’</strong></span> <span class='ocrx_word' id='word_1_9' title='bbox 757 443 931 525; x_wconf 82' lang='grc' dir='ltr'><strong><em>ἄνθρωπος</em></strong></span> <span class='ocrx_word' id='word_1_10' title='bbox 951 441 1004 504; x_wconf 78' lang='grc' dir='ltr'><strong><em>καὶ</em></strong></span> <span class='ocrx_word' id='word_1_11' title='bbox 1024 436 1135 504; x_wconf 75' lang='grc' dir='ltr'><strong><em>λευκὰν</em></strong></span> <span class='ocrx_word' id='word_1_12' title='bbox 1161 442 1214 502; x_wconf 80' lang='grc' dir='ltr'><strong><em>καὶ</em></strong></span> 
     </span>
     <span class='ocr_line' id='line_1_3' title="bbox 114 548 1216 644; baseline -0.009 -20"><span class='ocrx_word' id='word_1_13' title='bbox 114 559 257 644; x_wconf 75' lang='grc' dir='ltr'><strong><em>βαδίζον,</em></strong></span> <span class='ocrx_word' id='word_1_14' title='bbox 285 559 393 642; x_wconf 81' lang='grc' dir='ltr'><strong><em>ἥκιστα</em></strong></span> <span class='ocrx_word' id='word_1_15' title='bbox 421 558 481 636; x_wconf 76' lang='grc' dir='ltr'><strong>μὲν</strong></span> <span class='ocrx_word' id='word_1_16' title='bbox 512 552 651 638; x_wconf 85' lang='grc' dir='ltr'><strong><em>οἰριθμδς</em></strong></span> <span class='ocrx_word' id='word_1_17' title='bbox 678 554 797 616; x_wconf 82' lang='grc' dir='ltr'><strong><em>τούτοιν</em></strong></span> <span class='ocrx_word' id='word_1_18' title='bbox 829 550 884 612; x_wconf 81' lang='grc' dir='ltr'><strong>διδ</strong></span> <span class='ocrx_word' id='word_1_19' title='bbox 911 549 947 613; x_wconf 86' lang='grc' dir='ltr'><strong>τδ</strong></span> <span class='ocrx_word' id='word_1_20' title='bbox 979 548 1084 639; x_wconf 70' lang='grc' dir='ltr'><strong>ταύτῷ</strong></span> <span class='ocrx_word' id='word_1_21' title='bbox 1115 552 1216 630; x_wconf 68' lang='grc' dir='ltr'><strong><em>πάνθ</em></strong></span> 
     </span>
     <span class='ocr_line' id='line_1_4' title="bbox 114 655 1215 752; baseline -0.011 -16"><span class='ocrx_word' id='word_1_22' title='bbox 114 669 264 752; x_wconf 78' lang='grc' dir='ltr'><strong><em>ὑπάρχειν</em></strong></span> <span class='ocrx_word' id='word_1_23' title='bbox 277 703 329 738; x_wconf 91' lang='grc'><strong>-,</strong></span> <span class='ocrx_word' id='word_1_24' title='bbox 350 665 436 745; x_wconf 86' lang='grc' dir='ltr'><strong><em>ὅμως</em></strong></span> <span class='ocrx_word' id='word_1_25' title='bbox 450 663 487 726; x_wconf 77' lang='grc' dir='ltr'><strong>δὲ</strong></span> <span class='ocrx_word' id='word_1_26' title='bbox 501 665 600 741; x_wconf 73' lang='grc' dir='ltr'><em>γενῶν</em></span> <span class='ocrx_word' id='word_1_27' title='bbox 614 661 703 726; x_wconf 84' lang='grc' dir='ltr'><strong><em>ἔσται</em></strong></span> <span class='ocrx_word' id='word_1_28' title='bbox 717 659 737 726; x_wconf 87' lang='grc' dir='ltr'><strong><em>δ</em></strong></span> <span class='ocrx_word' id='word_1_29' title='bbox 753 659 894 746; x_wconf 83' lang='grc' dir='ltr'><strong><em>ιίριθμδς</em></strong></span> <span class='ocrx_word' id='word_1_30' title='bbox 909 655 929 726; x_wconf 82' lang='grc' dir='ltr'><em>ὅ</em></span> <span class='ocrx_word' id='word_1_31' title='bbox 950 661 1070 722; x_wconf 84' lang='grc' dir='ltr'><strong><em>τούτων</em></strong></span> <span class='ocrx_word' id='word_1_32' title='bbox 1085 658 1111 746; x_wconf 72' lang='grc' dir='ltr'><strong><em>ἦ</em></strong></span> <span class='ocrx_word' id='word_1_33' title='bbox 1131 682 1215 736; x_wconf 90' lang='grc' dir='ltr'><strong><em>τινος</em></strong></span> 
     </span>
     <span class='ocr_line' id='line_1_5' title="bbox 114 769 1214 862; baseline -0.008 -21"><span class='ocrx_word' id='word_1_34' title='bbox 114 778 208 862; x_wconf 78' lang='grc' dir='ltr'><em>ἄλλης</em></span> <span class='ocrx_word' id='word_1_35' title='bbox 228 777 373 856; x_wconf 77' lang='grc' dir='ltr'><strong><em>τοιαύτης</em></strong></span> <span class='ocrx_word' id='word_1_36' title='bbox 393 775 608 857; x_wconf 81' lang='grc' dir='ltr'><strong><em>προσηγορίας.</em></strong></span> <span class='ocrx_word' id='word_1_37' title='bbox 652 771 725 834; x_wconf 85' lang='lat' dir='ltr'><strong>Duo</strong></span> <span class='ocrx_word' id='word_1_38' title='bbox 748 769 916 854; x_wconf 84' lang='lat' dir='ltr'><strong>exempta,</strong></span> <span class='ocrx_word' id='word_1_39' title='bbox 944 790 1027 855; x_wconf 87' lang='lat' dir='ltr'><strong>quae</strong></span> <span class='ocrx_word' id='word_1_40' title='bbox 1050 776 1214 854; x_wconf 89' lang='lat' dir='ltr'><strong>postremo</strong></span> 
     </span>
     <span class='ocr_line' id='line_1_6' title="bbox 113 880 1213 970; baseline -0.007 -20"><span class='ocrx_word' id='word_1_41' title='bbox 113 887 182 952; x_wconf 91' lang='lat' dir='ltr'><strong>loco</strong></span> <span class='ocrx_word' id='word_1_42' title='bbox 206 885 314 970; x_wconf 89' lang='lat' dir='ltr'><strong>posita</strong></span> <span class='ocrx_word' id='word_1_43' title='bbox 337 890 422 966; x_wconf 84' lang='lat' dir='ltr'><strong>sunt,</strong></span> <span class='ocrx_word' id='word_1_44' title='bbox 445 891 526 965; x_wconf 83' lang='lat' dir='ltr'><strong>apta</strong></span> <span class='ocrx_word' id='word_1_45' title='bbox 549 887 624 944; x_wconf 89' lang='lat' dir='ltr'><strong>sunt</strong></span> <span class='ocrx_word' id='word_1_46' title='bbox 647 884 688 945; x_wconf 89' lang='lat' dir='ltr'><strong>ad</strong></span> <span class='ocrx_word' id='word_1_47' title='bbox 711 880 985 964; x_wconf 76' lang='lat' dir='ltr'><strong>eomprehendam</strong></span> <span class='ocrx_word' id='word_1_48' title='bbox 1002 881 1213 964; x_wconf 73' lang='lat' dir='ltr'><strong>sententiam,</strong></span> 
     </span>
    </p>

    <p class='ocr_par' dir='ltr' id='par_1_3' title="bbox 68 972 1214 1844">
     <span class='ocr_line' id='line_1_7' title="bbox 114 972 1213 1075; baseline -0.01 -13"><span class='ocrx_word' id='word_1_49' title='bbox 114 1017 297 1062; x_wconf 88' lang='lat' dir='ltr'><strong>mensuram</strong></span> <span class='ocrx_word' id='word_1_50' title='bbox 321 1016 394 1057; x_wconf 88' lang='lat' dir='ltr'><strong>esse</strong></span> <span class='ocrx_word' id='word_1_51' title='bbox 417 1015 459 1057; x_wconf 89' lang='lat' dir='ltr'><strong>ex</strong></span> <span class='ocrx_word' id='word_1_52' title='bbox 481 992 594 1056; x_wconf 84' lang='lat' dir='ltr'><strong>eodem</strong></span> <span class='ocrx_word' id='word_1_53' title='bbox 618 1013 739 1074; x_wconf 81' lang='lat' dir='ltr'>genere</span> <span class='ocrx_word' id='word_1_54' title='bbox 762 972 858 1075; x_wconf 85' lang='lat' dir='ltr'><strong>atque</strong></span> <span class='ocrx_word' id='word_1_55' title='bbox 881 1011 934 1073; x_wconf 87' lang='lat' dir='ltr'><strong>ea,</strong></span> <span class='ocrx_word' id='word_1_56' title='bbox 956 1010 1038 1074; x_wconf 83' lang='lat' dir='ltr'><strong>quae</strong></span> <span class='ocrx_word' id='word_1_57' title='bbox 1061 991 1213 1053; x_wconf 79' lang='lat' dir='ltr'><strong>metimur</strong></span> 
     </span>
     <span class='ocr_line' id='line_1_8' title="bbox 68 1079 1211 1186; baseline -0.009 -12"><span class='ocrx_word' id='word_1_58' title='bbox 68 1079 76 1090; x_wconf 28' lang='grc' dir='ltr'>ι</span> <span class='ocrx_word' id='word_1_59' title='bbox 112 1108 166 1174; x_wconf 84' lang='lat' dir='ltr'><strong>rel</strong></span> <span class='ocrx_word' id='word_1_60' title='bbox 194 1125 420 1182; x_wconf 83' lang='lat' dir='ltr'><strong>numeramus;</strong></span> <span class='ocrx_word' id='word_1_61' title='bbox 450 1123 513 1164; x_wconf 93' lang='lat' dir='ltr'><strong>nou</strong></span> <span class='ocrx_word' id='word_1_62' title='bbox 545 1103 621 1164; x_wconf 86' lang='lat' dir='ltr'><strong>item</strong></span> <span class='ocrx_word' id='word_1_63' title='bbox 655 1103 716 1164; x_wconf 92' lang='lat' dir='ltr'><strong>duo</strong></span> <span class='ocrx_word' id='word_1_64' title='bbox 745 1101 874 1186; x_wconf 90' lang='lat' dir='ltr'><strong>priora,</strong></span> <span class='ocrx_word' id='word_1_65' title='bbox 901 1121 986 1184; x_wconf 85' lang='lat' dir='ltr'><strong>quae</strong></span> <span class='ocrx_word' id='word_1_66' title='bbox 1015 1121 1118 1184; x_wconf 80' lang='lat' dir='ltr'><strong>neque</strong></span> <span class='ocrx_word' id='word_1_67' title='bbox 1140 1123 1211 1165; x_wconf 89' lang='lat' dir='ltr'><strong>oum</strong></span> 
     </span>
     <span class='ocr_line' id='line_1_9' title="bbox 116 1209 1213 1296; baseline -0.005 -16"><span class='ocrx_word' id='word_1_68' title='bbox 116 1215 281 1282; x_wconf 83' lang='lat' dir='ltr'><strong>sententia</strong></span> <span class='ocrx_word' id='word_1_69' title='bbox 302 1213 481 1296; x_wconf 86' lang='lat' dir='ltr'><strong>probanda,</strong></span> <span class='ocrx_word' id='word_1_70' title='bbox 505 1233 609 1296; x_wconf 88' lang='lat' dir='ltr'><strong>neque</strong></span> <span class='ocrx_word' id='word_1_71' title='bbox 623 1233 695 1276; x_wconf 89' lang='lat' dir='ltr'><strong>oum</strong></span> <span class='ocrx_word' id='word_1_72' title='bbox 714 1209 874 1294; x_wconf 79' lang='lat' dir='ltr'><strong>exemplis</strong></span> <span class='ocrx_word' id='word_1_73' title='bbox 890 1209 1124 1293; x_wconf 77' lang='lat' dir='ltr'><strong>posterioribus</strong></span> <span class='ocrx_word' id='word_1_74' title='bbox 1138 1232 1213 1275; x_wconf 90' lang='lat' dir='ltr'><strong>eon·</strong></span> 
     </span>
     <span class='ocr_line' id='line_1_10' title="bbox 112 1317 1214 1403; baseline -0.005 -15"><span class='ocrx_word' id='word_1_75' title='bbox 112 1328 232 1389; x_wconf 82' lang='lat' dir='ltr'><strong>uiuunt.</strong></span> <span class='ocrx_word' id='word_1_76' title='bbox 279 1322 346 1386; x_wconf 81' lang='lat' dir='ltr'><strong>Sed</strong></span> <span class='ocrx_word' id='word_1_77' title='bbox 378 1328 505 1384; x_wconf 86' lang='lat' dir='ltr'><strong>mutata</strong></span> <span class='ocrx_word' id='word_1_78' title='bbox 534 1320 740 1386; x_wconf 88' lang='lat' dir='ltr'><strong>distinetione</strong></span> <span class='ocrx_word' id='word_1_79' title='bbox 775 1327 809 1384; x_wconf 90' lang='lat' dir='ltr'><strong>et</strong></span> <span class='ocrx_word' id='word_1_80' title='bbox 841 1317 954 1403; x_wconf 89' lang='lat' dir='ltr'><strong>paneis</strong></span> <span class='ocrx_word' id='word_1_81' title='bbox 987 1318 1092 1384; x_wconf 88' lang='lat' dir='ltr'><strong>literis</strong></span> <span class='ocrx_word' id='word_1_82' title='bbox 1125 1319 1214 1384; x_wconf 83' lang='lat' dir='ltr'><strong>infle-</strong></span> 
     </span>
     <span class='ocr_line' id='line_1_11' title="bbox 111 1429 1212 1516; baseline -0.005 -16"><span class='ocrx_word' id='word_1_83' title='bbox 111 1437 160 1500; x_wconf 81' lang='lat' dir='ltr'><strong>xis</strong></span> <span class='ocrx_word' id='word_1_84' title='bbox 195 1433 328 1497; x_wconf 84' lang='lat' dir='ltr'><strong>babebis</strong></span> <span class='ocrx_word' id='word_1_85' title='bbox 362 1431 393 1492; x_wconf 91' lang='lat' dir='ltr'><strong>id</strong></span> <span class='ocrx_word' id='word_1_86' title='bbox 421 1433 505 1516; x_wconf 91' lang='lat' dir='ltr'><strong>qnod</strong></span> <span class='ocrx_word' id='word_1_87' title='bbox 543 1436 576 1494; x_wconf 87' lang='lat' dir='ltr'><strong>et</strong></span> <span class='ocrx_word' id='word_1_88' title='bbox 608 1431 792 1496; x_wconf 86' lang='lat' dir='ltr'><strong>sententiae</strong></span> <span class='ocrx_word' id='word_1_89' title='bbox 825 1429 910 1492; x_wconf 89' lang='lat' dir='ltr'><strong>ratio</strong></span> <span class='ocrx_word' id='word_1_90' title='bbox 938 1435 972 1492; x_wconf 86' lang='lat' dir='ltr'><strong>ot</strong></span> <span class='ocrx_word' id='word_1_91' title='bbox 997 1429 1212 1514; x_wconf 84' lang='lat' dir='ltr'><strong>posteriorum</strong></span> 
     </span>
     <span class='ocr_line' id='line_1_12' title="bbox 110 1538 1214 1628; baseline -0.005 -18"><span class='ocrx_word' id='word_1_92' title='bbox 110 1543 333 1628; x_wconf 84' lang='lat' dir='ltr'><strong>exeruplorum</strong></span> <span class='ocrx_word' id='word_1_93' title='bbox 365 1539 470 1604; x_wconf 85' lang='lat' dir='ltr'><strong>forma</strong></span> <span class='ocrx_word' id='word_1_94' title='bbox 499 1540 664 1624; x_wconf 83' lang='lat' dir='ltr'><strong>requirere</strong></span> <span class='ocrx_word' id='word_1_95' title='bbox 687 1540 822 1605; x_wconf 86' lang='lat' dir='ltr'><strong>videtur.</strong></span> <span class='ocrx_word' id='word_1_96' title='bbox 851 1538 903 1602; x_wconf 78' lang='grc' dir='ltr'><strong>δεῖ</strong></span> <span class='ocrx_word' id='word_1_97' title='bbox 928 1539 965 1602; x_wconf 78' lang='grc' dir='ltr'><strong>δὲ</strong></span> <span class='ocrx_word' id='word_1_98' title='bbox 993 1538 1043 1602; x_wconf 81' lang='lat' dir='ltr'><strong>uisi</strong></span> <span class='ocrx_word' id='word_1_99' title='bbox 1069 1539 1106 1603; x_wconf 88' lang='grc' dir='ltr'><strong>τδ</strong></span> <span class='ocrx_word' id='word_1_100' title='bbox 1133 1539 1214 1606; x_wconf 81' lang='grc' dir='ltr'><strong><em>αὐτό</em></strong></span> 
     </span>
     <span class='ocr_line' id='line_1_13' title="bbox 110 1639 1214 1738; baseline -0.006 -18"><span class='ocrx_word' id='word_1_101' title='bbox 110 1681 140 1720; x_wconf 89' lang='grc' dir='ltr'><strong>τι</strong></span> <span class='ocrx_word' id='word_1_102' title='bbox 160 1655 313 1738; x_wconf 79' lang='grc' dir='ltr'><strong><em>ὑπάρχειν</em></strong></span> <span class='ocrx_word' id='word_1_103' title='bbox 326 1639 413 1714; x_wconf 54' lang='grc' dir='ltr'><strong><em>’πᾶσι</em></strong></span> <span class='ocrx_word' id='word_1_104' title='bbox 435 1649 471 1714; x_wconf 87' lang='grc' dir='ltr'><strong>τδ</strong></span> <span class='ocrx_word' id='word_1_105' title='bbox 492 1654 614 1734; x_wconf 79' lang='grc' dir='ltr'><strong>μέτρον,</strong></span> <span class='ocrx_word' id='word_1_106' title='bbox 636 1649 704 1716; x_wconf 82' lang='grc' dir='ltr'><strong><em>οἷον</em></strong></span> <span class='ocrx_word' id='word_1_107' title='bbox 726 1652 761 1713; x_wconf 85' lang='grc' dir='ltr'><strong>εἰ</strong></span> <span class='ocrx_word' id='word_1_108' title='bbox 781 1659 901 1724; x_wconf 76' lang='grc' dir='ltr'><strong><em>ἵπποι,</em></strong></span> <span class='ocrx_word' id='word_1_109' title='bbox 924 1648 965 1712; x_wconf 88' lang='grc' dir='ltr'><strong>τδ</strong></span> <span class='ocrx_word' id='word_1_110' title='bbox 986 1653 1128 1734; x_wconf 82' lang='grc' dir='ltr'><strong><em>μέτρον</em></strong></span> <span class='ocrx_word' id='word_1_111' title='bbox 1149 1658 1214 1714; x_wconf 78' lang='lat' dir='ltr'><strong>trr-</strong></span> 
     </span>
     <span class='ocr_line' id='line_1_14' title="bbox 110 1758 1213 1844; baseline -0.005 -16"><span class='ocrx_word' id='word_1_112' title='bbox 110 1788 192 1839; x_wconf 87' lang='grc' dir='ltr'><strong><em>πος,</em></strong></span> <span class='ocrx_word' id='word_1_113' title='bbox 214 1767 276 1826; x_wconf 81' lang='grc' dir='ltr'><strong><em>καὶ</em></strong></span> <span class='ocrx_word' id='word_1_114' title='bbox 297 1763 331 1823; x_wconf 76' lang='grc' dir='ltr'><strong>εἰ</strong></span> <span class='ocrx_word' id='word_1_115' title='bbox 351 1762 571 1844; x_wconf 80' lang='grc' dir='ltr'><strong><em>ἄνθρωποι,</em></strong></span> <span class='ocrx_word' id='word_1_116' title='bbox 595 1759 823 1843; x_wconf 81' lang='grc' dir='ltr'><strong><em>ἄνθρωπος·</em></strong></span> <span class='ocrx_word' id='word_1_117' title='bbox 852 1759 882 1822; x_wconf 84' lang='grc' dir='ltr'><strong>εἰ</strong></span> <span class='ocrx_word' id='word_1_118' title='bbox 901 1758 937 1840; x_wconf 79' lang='grc' dir='ltr'><strong>δ’</strong></span> <span class='ocrx_word' id='word_1_119' title='bbox 959 1759 1134 1842; x_wconf 83' lang='grc' dir='ltr'><strong><em>ἄνθρωπος</em></strong></span> <span class='ocrx_word' id='word_1_120' title='bbox 1161 1763 1213 1823; x_wconf 82' lang='grc' dir='ltr'><strong><em>καί</em></strong></span> 
     </span>
    </p>
   </div>
   <div class='ocr_carea' id='block_1_3' title="bbox 90 1868 1265 2288">
    <p class='ocr_par' dir='ltr' id='par_1_4' title="bbox 110 1868 592 1956">
     <span class='ocr_line' id='line_1_15' title="bbox 110 1868 592 1956; baseline -0.015 -20"><span class='ocrx_word' id='word_1_121' title='bbox 110 1869 206 1948; x_wconf 69' lang='lat' dir='ltr'><strong>inaug</strong></span> <span class='ocrx_word' id='word_1_122' title='bbox 227 1877 280 1936; x_wconf 82' lang='grc' dir='ltr'><strong><em>καὶ</em></strong></span> <span class='ocrx_word' id='word_1_123' title='bbox 300 1871 387 1945; x_wconf 83' lang='grc' dir='ltr'><strong><em>θεός,</em></strong></span> <span class='ocrx_word' id='word_1_124' title='bbox 410 1868 488 1956; x_wconf 75' lang='grc' dir='ltr'><strong><em>ζῷον</em></strong></span> <span class='ocrx_word' id='word_1_125' title='bbox 510 1871 592 1942; x_wconf 82' lang='grc' dir='ltr'><strong><em>ἴσως.</em></strong></span> 
     </span>
    </p>

    <p class='ocr_par' dir='ltr' id='par_1_5' title="bbox 90 1957 1265 2288">
     <span class='ocr_line' id='line_1_16' title="bbox 195 1957 1212 2063; baseline 0.001 -22"><span class='ocrx_word' id='word_1_126' title='bbox 195 1988 234 2056; x_wconf 90' lang='grc' dir='ltr'><strong>Ν,</strong></span> <span class='ocrx_word' id='word_1_127' title='bbox 249 1988 279 2050; x_wconf 64' lang='lat'><em>2</em></span> <span class='ocrx_word' id='word_1_128' title='bbox 302 1957 501 2062; x_wconf 44' lang='lat' dir='ltr'><strong>psldboa5„</strong></span> <span class='ocrx_word' id='word_1_129' title='bbox 522 1977 593 2060; x_wconf 85' lang='lat' dir='ltr'><strong>(Br.</strong></span> <span class='ocrx_word' id='word_1_130' title='bbox 609 1980 687 2060; x_wconf 72' lang='lat'><strong>297,</strong></span> <span class='ocrx_word' id='word_1_131' title='bbox 710 1978 754 2060; x_wconf 83' lang='grc'><strong>1.)</strong></span> <span class='ocrx_word' id='word_1_132' title='bbox 777 1976 948 2063; x_wconf 78' lang='grc' dir='ltr'><strong><em>ἐπιστήσειε</em></strong></span> <span class='ocrx_word' id='word_1_133' title='bbox 971 1977 992 2042; x_wconf 90' lang='grc' dir='ltr'><strong><em>δ</em></strong></span> <span class='ocrx_word' id='word_1_134' title='bbox 1000 1989 1009 2015; x_wconf 78' lang='lat'><strong><em>³</em></strong></span> <span class='ocrx_word' id='word_1_135' title='bbox 1032 1978 1075 2041; x_wconf 78' lang='grc' dir='ltr'><strong>ἄν</strong></span> <span class='ocrx_word' id='word_1_136' title='bbox 1097 2001 1142 2052; x_wconf 88' lang='grc' dir='ltr'><strong>τις</strong></span> <span class='ocrx_word' id='word_1_137' title='bbox 1157 1978 1212 2062; x_wconf 74' lang='grc' dir='ltr'><strong>τὴν</strong></span> 
     </span>
     <span class='ocr_line' id='line_1_17' title="bbox 110 2086 1213 2181; baseline -0.004 -27"><span class='ocrx_word' id='word_1_138' title='bbox 110 2095 222 2181; x_wconf 74' lang='grc' dir='ltr'><strong><em>σκέψιν</em></strong></span> <span class='ocrx_word' id='word_1_139' title='bbox 242 2095 294 2152; x_wconf 78' lang='grc' dir='ltr'><strong><em>καὶ</em></strong></span> <span class='ocrx_word' id='word_1_140' title='bbox 315 2095 385 2173; x_wconf 73' lang='grc' dir='ltr'><strong><em>περὶ</em></strong></span> <span class='ocrx_word' id='word_1_141' title='bbox 406 2092 469 2158; x_wconf 74' lang='lat' dir='ltr'><strong>ruia</strong></span> <span class='ocrx_word' id='word_1_142' title='bbox 490 2086 638 2170; x_wconf 75' lang='grc' dir='ltr'><strong>Ιιίριθμιόν</strong></span> <span class='ocrx_word' id='word_1_143' title='bbox 658 2089 764 2152; x_wconf 84' lang='grc' dir='ltr'><strong><em>πόθεν</em></strong></span> <span class='ocrx_word' id='word_1_144' title='bbox 785 2088 837 2152; x_wconf 71' lang='grc' dir='ltr'><strong>δεῖ</strong></span> <span class='ocrx_word' id='word_1_145' title='bbox 854 2089 963 2170; x_wconf 77' lang='grc' dir='ltr'><strong><em>λαβεῖν</em></strong></span> <span class='ocrx_word' id='word_1_146' title='bbox 985 2087 1040 2173; x_wconf 75' lang='grc' dir='ltr'><strong>τὴν</strong></span> <span class='ocrx_word' id='word_1_147' title='bbox 1053 2092 1157 2151; x_wconf 82' lang='grc' dir='ltr'><strong><em>πίστιν</em></strong></span> <span class='ocrx_word' id='word_1_148' title='bbox 1170 2087 1213 2164; x_wconf 80' lang='grc' dir='ltr'><strong>ὡς</strong></span> 
     </span>
     <span class='ocr_line' id='line_1_18' title="bbox 90 2189 1265 2288; baseline -0.003 -24"><span class='ocrx_word' id='word_1_149' title='bbox 90 2189 197 2264; x_wconf 65' lang='grc' dir='ltr'><strong><em>ἐἰσίν</em></strong></span> <span class='ocrx_word' id='word_1_150' title='bbox 219 2203 262 2288; x_wconf 75' lang='grc' dir='ltr'><strong>τῷ</strong></span> <span class='ocrx_word' id='word_1_151' title='bbox 281 2205 340 2282; x_wconf 72' lang='grc' dir='ltr'><strong>μὲν</strong></span> <span class='ocrx_word' id='word_1_152' title='bbox 360 2199 421 2283; x_wconf 71' lang='grc' dir='ltr'><strong>γὰρ</strong></span> <span class='ocrx_word' id='word_1_153' title='bbox 443 2198 530 2271; x_wconf 86' lang='grc' dir='ltr'><strong><em>ἰδέας</em></strong></span> <span class='ocrx_word' id='word_1_154' title='bbox 551 2200 704 2284; x_wconf 76' lang='grc' dir='ltr'><strong><em>τιθεμένῳ</em></strong></span> <span class='ocrx_word' id='word_1_155' title='bbox 726 2200 917 2282; x_wconf 81' lang='grc' dir='ltr'><strong><em>παρέχονταί</em></strong></span> <span class='ocrx_word' id='word_1_156' title='bbox 937 2211 993 2262; x_wconf 88' lang='grc' dir='ltr'><strong><em>τιν’</em></strong></span> <span class='ocrx_word' id='word_1_157' title='bbox 1016 2199 1122 2261; x_wconf 78' lang='grc' dir='ltr'><strong><em>αἰτίαν</em></strong></span> <span class='ocrx_word' id='word_1_158' title='bbox 1148 2209 1213 2278; x_wconf 81' lang='grc' dir='ltr'><strong><em>τοῖς</em></strong></span> <span class='ocrx_word' id='word_1_159' title='bbox 1264 2206 1265 2212; x_wconf 77' lang='grc'>’</span> 
     </span>
    </p>
   </div>
   <div class='ocr_carea' id='block_1_4' title="bbox 103 2305 1289 4150">
    <p class='ocr_par' dir='ltr' id='par_1_6' title="bbox 104 2305 1289 3928">
     <span class='ocr_line' id='line_1_19' title="bbox 110 2305 1213 2396; baseline -0.001 -24"><span class='ocrx_word' id='word_1_160' title='bbox 110 2308 213 2385; x_wconf 78' lang='grc' dir='ltr'><strong><em>οὖσιν,</em></strong></span> <span class='ocrx_word' id='word_1_161' title='bbox 241 2313 326 2396; x_wconf 68' lang='lat' dir='ltr'><strong>airum</strong></span> <span class='ocrx_word' id='word_1_162' title='bbox 353 2313 481 2382; x_wconf 72' lang='grc' dir='ltr'><strong><em>ἕκαστος</em></strong></span> <span class='ocrx_word' id='word_1_163' title='bbox 506 2313 572 2370; x_wconf 73' lang='grc' dir='ltr'><strong><em>τοῖν</em></strong></span> <span class='ocrx_word' id='word_1_164' title='bbox 597 2305 744 2390; x_wconf 73' lang='grc' dir='ltr'><strong><em>οἰριθμμίν</em></strong></span> <span class='ocrx_word' id='word_1_165' title='bbox 770 2307 841 2370; x_wconf 83' lang='grc' dir='ltr'><strong><em>ἰδέα</em></strong></span> <span class='ocrx_word' id='word_1_166' title='bbox 863 2330 915 2379; x_wconf 88' lang='grc' dir='ltr'><strong><em>τις,</em></strong></span> <span class='ocrx_word' id='word_1_167' title='bbox 942 2305 961 2390; x_wconf 75' lang='grc' dir='ltr'><strong><em>ἡ</em></strong></span> <span class='ocrx_word' id='word_1_168' title='bbox 989 2306 1023 2368; x_wconf 85' lang='grc' dir='ltr'><strong>δ’</strong></span> <span class='ocrx_word' id='word_1_169' title='bbox 1051 2306 1121 2368; x_wconf 86' lang='grc' dir='ltr'><strong><em>ἰδέα</em></strong></span> <span class='ocrx_word' id='word_1_170' title='bbox 1148 2320 1213 2384; x_wconf 78' lang='grc' dir='ltr'><strong><em>τοῖς</em></strong></span> 
     </span>
     <span class='ocr_line' id='line_1_20' title="bbox 109 2409 1289 2500; baseline -0.002 -18"><span class='ocrx_word' id='word_1_171' title='bbox 109 2420 216 2496; x_wconf 66' lang='lat' dir='ltr'><strong>attam</strong></span> <span class='ocrx_word' id='word_1_172' title='bbox 238 2421 324 2482; x_wconf 83' lang='grc' dir='ltr'><strong><em>αἰτία</em></strong></span> <span class='ocrx_word' id='word_1_173' title='bbox 346 2423 404 2482; x_wconf 82' lang='grc' dir='ltr'><strong>τοῦ</strong></span> <span class='ocrx_word' id='word_1_174' title='bbox 424 2421 505 2481; x_wconf 75' lang='grc' dir='ltr'><strong><em>εἶναι</em></strong></span> <span class='ocrx_word' id='word_1_175' title='bbox 526 2417 566 2482; x_wconf 84' lang='grc' dir='ltr'><strong>δν</strong></span> <span class='ocrx_word' id='word_1_176' title='bbox 587 2416 627 2499; x_wconf 84' lang='grc' dir='ltr'><strong>δή</strong></span> <span class='ocrx_word' id='word_1_177' title='bbox 649 2409 732 2478; x_wconf 71' lang='lat' dir='ltr'><strong>troes</strong></span> <span class='ocrx_word' id='word_1_178' title='bbox 746 2417 873 2500; x_wconf 82' lang='grc' dir='ltr'><strong><em>τρόπον.</em></strong></span> <span class='ocrx_word' id='word_1_179' title='bbox 911 2412 1141 2485; x_wconf 72' lang='lat' dir='ltr'><strong>Quaerendum</strong></span> <span class='ocrx_word' id='word_1_180' title='bbox 1165 2417 1211 2480; x_wconf 90' lang='lat' dir='ltr'><strong>vi·</strong></span> <span class='ocrx_word' id='word_1_181' title='bbox 1285 2446 1289 2452; x_wconf 57' lang='grc'><em>’</em></span> 
     </span>
     <span class='ocr_line' id='line_1_21' title="bbox 109 2524 1211 2611; baseline -0.005 -17"><span class='ocrx_word' id='word_1_182' title='bbox 109 2532 218 2611; x_wconf 87' lang='lat' dir='ltr'><strong>detur,</strong></span> <span class='ocrx_word' id='word_1_183' title='bbox 242 2529 288 2590; x_wconf 85' lang='lat' dir='ltr'><strong>ait</strong></span> <span class='ocrx_word' id='word_1_184' title='bbox 311 2526 519 2607; x_wconf 80' lang='lat' dir='ltr'><strong>Aristotelea,</strong></span> <span class='ocrx_word' id='word_1_185' title='bbox 542 2526 627 2588; x_wconf 87' lang='lat' dir='ltr'><strong>unde</strong></span> <span class='ocrx_word' id='word_1_186' title='bbox 642 2527 773 2588; x_wconf 91' lang='lat' dir='ltr'><strong>tandem</strong></span> <span class='ocrx_word' id='word_1_187' title='bbox 789 2524 993 2608; x_wconf 81' lang='lat' dir='ltr'><strong>comprobari</strong></span> <span class='ocrx_word' id='word_1_188' title='bbox 1013 2525 1130 2610; x_wconf 82' lang='lat' dir='ltr'><strong>possit,</strong></span> <span class='ocrx_word' id='word_1_189' title='bbox 1154 2549 1211 2590; x_wconf 92' lang='lat' dir='ltr'><strong>nu-</strong></span> 
     </span>
     <span class='ocr_line' id='line_1_22' title="bbox 109 2634 1209 2721; baseline -0.003 -19"><span class='ocrx_word' id='word_1_190' title='bbox 109 2660 218 2703; x_wconf 91' lang='lat' dir='ltr'><strong>meros</strong></span> <span class='ocrx_word' id='word_1_191' title='bbox 240 2640 271 2702; x_wconf 92' lang='lat' dir='ltr'><strong>in</strong></span> <span class='ocrx_word' id='word_1_192' title='bbox 296 2661 332 2702; x_wconf 87' lang='lat' dir='ltr'><strong>re</strong></span> <span class='ocrx_word' id='word_1_193' title='bbox 355 2661 394 2704; x_wconf 89' lang='lat' dir='ltr'><strong>ae</strong></span> <span class='ocrx_word' id='word_1_194' title='bbox 422 2636 560 2702; x_wconf 87' lang='lat' dir='ltr'><strong>veritate</strong></span> <span class='ocrx_word' id='word_1_195' title='bbox 582 2656 667 2700; x_wconf 89' lang='lat' dir='ltr'><strong>esse.</strong></span> <span class='ocrx_word' id='word_1_196' title='bbox 723 2634 801 2700; x_wconf 73' lang='lat' dir='ltr'><strong>dam</strong></span> <span class='ocrx_word' id='word_1_197' title='bbox 831 2634 858 2698; x_wconf 89' lang='lat' dir='ltr'><strong>si</strong></span> <span class='ocrx_word' id='word_1_198' title='bbox 886 2635 957 2721; x_wconf 88' lang='lat' dir='ltr'><strong>quis</strong></span> <span class='ocrx_word' id='word_1_199' title='bbox 986 2635 1078 2700; x_wconf 80' lang='lat' dir='ltr'><strong>ideas</strong></span> <span class='ocrx_word' id='word_1_200' title='bbox 1106 2637 1209 2720; x_wconf 88' lang='lat' dir='ltr'><strong>ponit,</strong></span> 
     </span>
     <span class='ocr_line' id='line_1_23' title="bbox 109 2745 1210 2834; baseline -0.001 -21"><span class='ocrx_word' id='word_1_201' title='bbox 109 2750 203 2814; x_wconf 87' lang='lat' dir='ltr'><strong>ideae</strong></span> <span class='ocrx_word' id='word_1_202' title='bbox 233 2749 391 2812; x_wconf 84' lang='lat' dir='ltr'><strong>rationem</strong></span> <span class='ocrx_word' id='word_1_203' title='bbox 420 2749 582 2834; x_wconf 78' lang='lat' dir='ltr'><strong>qruaudam</strong></span> <span class='ocrx_word' id='word_1_204' title='bbox 612 2745 772 2830; x_wconf 85' lang='lat' dir='ltr'><strong>praebent</strong></span> <span class='ocrx_word' id='word_1_205' title='bbox 800 2745 974 2812; x_wconf 86' lang='lat' dir='ltr'><strong>entibus.</strong></span> <span class='ocrx_word' id='word_1_206' title='bbox 1032 2745 1103 2822; x_wconf 80' lang='lat' dir='ltr'><strong>lloe</strong></span> <span class='ocrx_word' id='word_1_207' title='bbox 1135 2749 1210 2832; x_wconf 93' lang='lat' dir='ltr'><strong>quid</strong></span> 
     </span>
     <span class='ocr_line' id='line_1_24' title="bbox 109 2853 1211 2943; baseline 0 -23"><span class='ocrx_word' id='word_1_208' title='bbox 109 2859 169 2922; x_wconf 83' lang='lat' dir='ltr'><strong>sibi</strong></span> <span class='ocrx_word' id='word_1_209' title='bbox 194 2858 290 2942; x_wconf 87' lang='lat' dir='ltr'><strong>velit,</strong></span> <span class='ocrx_word' id='word_1_210' title='bbox 318 2860 509 2943; x_wconf 83' lang='grc' dir='ltr'><strong><em>παρέχονταί</em></strong></span> <span class='ocrx_word' id='word_1_211' title='bbox 535 2868 591 2919; x_wconf 81' lang='grc' dir='ltr'><strong><em>τιν·</em></strong></span> <span class='ocrx_word' id='word_1_212' title='bbox 619 2857 724 2920; x_wconf 79' lang='grc' dir='ltr'><strong><em>αἰτίαν</em></strong></span> <span class='ocrx_word' id='word_1_213' title='bbox 751 2866 830 2931; x_wconf 81' lang='grc' dir='ltr'><strong><em>τοῖς</em></strong></span> <span class='ocrx_word' id='word_1_214' title='bbox 858 2853 969 2921; x_wconf 80' lang='grc' dir='ltr'><strong><em>οὖσιν</em></strong></span> <span class='ocrx_word' id='word_1_215' title='bbox 1001 2878 1066 2920; x_wconf 89' lang='lat' dir='ltr'><strong>nou</strong></span> <span class='ocrx_word' id='word_1_216' title='bbox 1099 2857 1211 2940; x_wconf 80' lang='lat' dir='ltr'><strong>vide03</strong></span> 
     </span>
     <span class='ocr_line' id='line_1_25' title="bbox 110 2964 1212 3052; baseline 0.002 -22"><span class='ocrx_word' id='word_1_217' title='bbox 110 2989 194 3052; x_wconf 86' lang='lat' dir='ltr'><strong>quae</strong></span> <span class='ocrx_word' id='word_1_218' title='bbox 218 2969 333 3036; x_wconf 83' lang='lat' dir='ltr'><strong>debeat</strong></span> <span class='ocrx_word' id='word_1_219' title='bbox 364 2990 436 3032; x_wconf 86' lang='lat' dir='ltr'><strong>esse</strong></span> <span class='ocrx_word' id='word_1_220' title='bbox 466 2966 636 3030; x_wconf 87' lang='lat' dir='ltr'><strong>verborum</strong></span> <span class='ocrx_word' id='word_1_221' title='bbox 667 2964 831 3028; x_wconf 89' lang='lat' dir='ltr'><strong>sententia</strong></span> <span class='ocrx_word' id='word_1_222' title='bbox 853 2986 894 3028; x_wconf 87' lang='lat' dir='ltr'><strong>ex</strong></span> <span class='ocrx_word' id='word_1_223' title='bbox 917 2969 1212 3048; x_wconf 79' lang='lat' dir='ltr'><strong>argumentationis</strong></span> 
     </span>
     <span class='ocr_line' id='line_1_26' title="bbox 109 3073 1210 3162; baseline 0.004 -22"><span class='ocrx_word' id='word_1_224' title='bbox 109 3100 196 3142; x_wconf 85' lang='lat' dir='ltr'><strong>nexu</strong></span> <span class='ocrx_word' id='word_1_225' title='bbox 225 3080 306 3142; x_wconf 88' lang='lat' dir='ltr'><strong>satis</strong></span> <span class='ocrx_word' id='word_1_226' title='bbox 336 3085 483 3162; x_wconf 88' lang='lat' dir='ltr'><strong>apertum</strong></span> <span class='ocrx_word' id='word_1_227' title='bbox 514 3083 574 3140; x_wconf 88' lang='lat' dir='ltr'><strong>est.</strong></span> <span class='ocrx_word' id='word_1_228' title='bbox 625 3073 785 3138; x_wconf 92' lang='lat' dir='ltr'><strong>Nimirum</strong></span> <span class='ocrx_word' id='word_1_229' title='bbox 813 3074 865 3159; x_wconf 89' lang='lat' dir='ltr'><strong>qui</strong></span> <span class='ocrx_word' id='word_1_230' title='bbox 896 3074 989 3138; x_wconf 83' lang='lat' dir='ltr'><strong>ideas</strong></span> <span class='ocrx_word' id='word_1_231' title='bbox 1016 3085 1155 3159; x_wconf 89' lang='lat' dir='ltr'><strong>ponunt,</strong></span> <span class='ocrx_word' id='word_1_232' title='bbox 1189 3080 1210 3144; x_wconf 89' lang='lat' dir='ltr'><strong>ii</strong></span> 
     </span>
     <span class='ocr_line' id='line_1_27' title="bbox 108 3186 1211 3272; baseline 0.005 -24"><span class='ocrx_word' id='word_1_233' title='bbox 108 3209 189 3250; x_wconf 90' lang='lat' dir='ltr'><strong>saue</strong></span> <span class='ocrx_word' id='word_1_234' title='bbox 219 3189 341 3250; x_wconf 84' lang='lat' dir='ltr'><strong>babent</strong></span> <span class='ocrx_word' id='word_1_235' title='bbox 370 3211 430 3272; x_wconf 86' lang='lat' dir='ltr'><strong>quo</strong></span> <span class='ocrx_word' id='word_1_236' title='bbox 456 3186 669 3270; x_wconf 83' lang='lat' dir='ltr'><strong>comprobent</strong></span> <span class='ocrx_word' id='word_1_237' title='bbox 696 3205 849 3248; x_wconf 89' lang='lat' dir='ltr'><strong>numeros</strong></span> <span class='ocrx_word' id='word_1_238' title='bbox 876 3205 912 3247; x_wconf 89' lang='lat' dir='ltr'><strong>re</strong></span> <span class='ocrx_word' id='word_1_239' title='bbox 935 3205 1015 3248; x_wconf 84' lang='lat' dir='ltr'><strong>vera</strong></span> <span class='ocrx_word' id='word_1_240' title='bbox 1038 3208 1142 3272; x_wconf 86' lang='lat' dir='ltr'><strong>esse,</strong></span> <span class='ocrx_word' id='word_1_241' title='bbox 1170 3190 1211 3252; x_wconf 91' lang='lat' dir='ltr'><strong>si·</strong></span> 
     </span>
     <span class='ocr_line' id='line_1_28' title="bbox 106 3294 1210 3380; baseline 0.005 -22"><span class='ocrx_word' id='word_1_242' title='bbox 106 3295 236 3380; x_wconf 88' lang='lat' dir='ltr'><strong>quidem</strong></span> <span class='ocrx_word' id='word_1_243' title='bbox 266 3295 398 3376; x_wconf 80' lang='lat' dir='ltr'><strong>quilibet</strong></span> <span class='ocrx_word' id='word_1_244' title='bbox 427 3315 581 3359; x_wconf 90' lang='lat' dir='ltr'><strong>uumerus</strong></span> <span class='ocrx_word' id='word_1_245' title='bbox 608 3298 682 3360; x_wconf 88' lang='lat' dir='ltr'><strong>idea</strong></span> <span class='ocrx_word' id='word_1_246' title='bbox 711 3301 773 3379; x_wconf 86' lang='lat' dir='ltr'><strong>est,</strong></span> <span class='ocrx_word' id='word_1_247' title='bbox 804 3294 878 3356; x_wconf 87' lang='lat' dir='ltr'><strong>idea</strong></span> <span class='ocrx_word' id='word_1_248' title='bbox 900 3314 978 3358; x_wconf 90' lang='lat' dir='ltr'><strong>vero</strong></span> <span class='ocrx_word' id='word_1_249' title='bbox 1006 3295 1139 3380; x_wconf 85' lang='lat' dir='ltr'><strong>reliquis</strong></span> <span class='ocrx_word' id='word_1_250' title='bbox 1162 3321 1210 3364; x_wconf 89' lang='lat' dir='ltr'><strong>ro-</strong></span> 
     </span>
     <span class='ocr_line' id='line_1_29' title="bbox 107 3401 1210 3490; baseline 0.001 -20"><span class='ocrx_word' id='word_1_251' title='bbox 107 3406 169 3470; x_wconf 87' lang='lat' dir='ltr'><strong>bus</strong></span> <span class='ocrx_word' id='word_1_252' title='bbox 203 3401 383 3468; x_wconf 85' lang='lat' dir='ltr'><strong>exsisteudi</strong></span> <span class='ocrx_word' id='word_1_253' title='bbox 416 3421 534 3466; x_wconf 86' lang='lat' dir='ltr'><strong>oaussa</strong></span> <span class='ocrx_word' id='word_1_254' title='bbox 567 3404 704 3468; x_wconf 87' lang='lat' dir='ltr'><strong>babetur</strong></span> <span class='ocrx_word' id='word_1_255' title='bbox 738 3410 770 3468; x_wconf 89' lang='lat' dir='ltr'><strong>et</strong></span> <span class='ocrx_word' id='word_1_256' title='bbox 797 3403 999 3490; x_wconf 79' lang='lat' dir='ltr'><strong>principium.</strong></span> <span class='ocrx_word' id='word_1_257' title='bbox 1052 3405 1147 3472; x_wconf 81' lang='lat' dir='ltr'><strong>llario</strong></span> <span class='ocrx_word' id='word_1_258' title='bbox 1176 3417 1210 3472; x_wconf 90' lang='lat' dir='ltr'><strong>ut</strong></span> 
     </span>
     <span class='ocr_line' id='line_1_30' title="bbox 107 3512 1211 3597; baseline 0.005 -20"><span class='ocrx_word' id='word_1_259' title='bbox 107 3513 290 3578; x_wconf 87' lang='lat' dir='ltr'><strong>habeamus</strong></span> <span class='ocrx_word' id='word_1_260' title='bbox 318 3513 515 3578; x_wconf 88' lang='lat' dir='ltr'><strong>senteutiam</strong></span> <span class='ocrx_word' id='word_1_261' title='bbox 549 3532 613 3574; x_wconf 93' lang='lat' dir='ltr'><strong>non</strong></span> <span class='ocrx_word' id='word_1_262' title='bbox 649 3512 862 3580; x_wconf 84' lang='lat' dir='ltr'><strong>dubitaverim</strong></span> <span class='ocrx_word' id='word_1_263' title='bbox 897 3535 956 3597; x_wconf 93' lang='lat' dir='ltr'><strong>pro</strong></span> <span class='ocrx_word' id='word_1_264' title='bbox 989 3527 1069 3592; x_wconf 82' lang='grc' dir='ltr'><strong><em>τοῖς</em></strong></span> <span class='ocrx_word' id='word_1_265' title='bbox 1102 3517 1211 3582; x_wconf 80' lang='grc' dir='ltr'><strong><em>οὖσιν</em></strong></span> 
     </span>
     <span class='ocr_line' id='line_1_31' title="bbox 107 3621 1210 3708; baseline 0.004 -22"><span class='ocrx_word' id='word_1_266' title='bbox 107 3626 254 3690; x_wconf 88' lang='lat' dir='ltr'><strong>seribere</strong></span> <span class='ocrx_word' id='word_1_267' title='bbox 275 3621 324 3699; x_wconf 77' lang='grc' dir='ltr'><strong>ὦς</strong></span> <span class='ocrx_word' id='word_1_268' title='bbox 345 3625 456 3698; x_wconf 82' lang='grc' dir='ltr'><strong><em>εἰσίν,</em></strong></span> <span class='ocrx_word' id='word_1_269' title='bbox 479 3626 593 3688; x_wconf 86' lang='lat' dir='ltr'><strong>eodem</strong></span> <span class='ocrx_word' id='word_1_270' title='bbox 617 3623 710 3686; x_wconf 87' lang='lat' dir='ltr'><strong>ruodo</strong></span> <span class='ocrx_word' id='word_1_271' title='bbox 733 3644 797 3707; x_wconf 90' lang='lat' dir='ltr'><strong>quo</strong></span> <span class='ocrx_word' id='word_1_272' title='bbox 820 3645 920 3708; x_wconf 89' lang='lat' dir='ltr'><strong>supra</strong></span> <span class='ocrx_word' id='word_1_273' title='bbox 942 3624 1061 3690; x_wconf 90' lang='lat' dir='ltr'><strong>dietum</strong></span> <span class='ocrx_word' id='word_1_274' title='bbox 1086 3635 1135 3692; x_wconf 83' lang='lat' dir='ltr'><strong>est</strong></span> <span class='ocrx_word' id='word_1_275' title='bbox 1155 3627 1210 3690; x_wconf 71' lang='lat' dir='ltr'><strong>ia-</strong></span> 
     </span>
     <span class='ocr_line' id='line_1_32' title="bbox 105 3731 1210 3820; baseline 0.004 -24"><span class='ocrx_word' id='word_1_276' title='bbox 105 3737 176 3814; x_wconf 78' lang='grc' dir='ltr'><strong>βιῖν</strong></span> <span class='ocrx_word' id='word_1_277' title='bbox 203 3735 259 3820; x_wconf 76' lang='grc' dir='ltr'><strong>τὴν</strong></span> <span class='ocrx_word' id='word_1_278' title='bbox 287 3738 390 3798; x_wconf 80' lang='grc' dir='ltr'><strong><em>πίστιν</em></strong></span> <span class='ocrx_word' id='word_1_279' title='bbox 419 3731 467 3812; x_wconf 67' lang='grc' dir='ltr'><strong>οἷς</strong></span> <span class='ocrx_word' id='word_1_280' title='bbox 495 3736 609 3809; x_wconf 81' lang='grc' dir='ltr'><strong><em>εἰσίν,</em></strong></span> <span class='ocrx_word' id='word_1_281' title='bbox 638 3742 671 3798; x_wconf 86' lang='lat' dir='ltr'><strong>et</strong></span> <span class='ocrx_word' id='word_1_282' title='bbox 702 3732 810 3816; x_wconf 83' lang='lat' dir='ltr'><strong>paullo</strong></span> <span class='ocrx_word' id='word_1_283' title='bbox 844 3731 930 3802; x_wconf 88' lang='lat' dir='ltr'><strong>infra</strong></span> <span class='ocrx_word' id='word_1_284' title='bbox 958 3741 1027 3806; x_wconf 78' lang='lat' dir='ltr'><strong>alt)</strong></span> <span class='ocrx_word' id='word_1_285' title='bbox 1049 3742 1210 3802; x_wconf 78' lang='grc' dir='ltr'><strong><em>πιστεῦσαι</em></strong></span> 
     </span>
     <span class='ocr_line' id='line_1_33' title="bbox 104 3839 977 3928; baseline 0.003 -22"><span class='ocrx_word' id='word_1_286' title='bbox 104 3839 157 3918; x_wconf 65' lang='grc' dir='ltr'><strong>οἷς</strong></span> <span class='ocrx_word' id='word_1_287' title='bbox 178 3843 259 3908; x_wconf 77' lang='grc' dir='ltr'><strong><em>ἔστι</em></strong></span> <span class='ocrx_word' id='word_1_288' title='bbox 281 3848 422 3916; x_wconf 83' lang='grc' dir='ltr'><strong><em>τοιοῦτος</em></strong></span> <span class='ocrx_word' id='word_1_289' title='bbox 444 3842 592 3928; x_wconf 84' lang='grc' dir='ltr'><strong><em>οἰριθμός.</em></strong></span> <span class='ocrx_word' id='word_1_290' title='bbox 974 3915 977 3922; x_wconf 58' lang='grc'><em>,</em></span> 
     </span>
    </p>

    <p class='ocr_par' dir='ltr' id='par_1_7' title="bbox 103 3952 1270 4150">
     <span class='ocr_line' id='line_1_34' title="bbox 195 3952 1270 4040; baseline 0.003 -24"><span class='ocrx_word' id='word_1_291' title='bbox 195 3952 287 4024; x_wconf 78' lang='lat' dir='ltr'><strong>Quod</strong></span> <span class='ocrx_word' id='word_1_292' title='bbox 301 3954 360 4017; x_wconf 89' lang='lat' dir='ltr'><strong>boe</strong></span> <span class='ocrx_word' id='word_1_293' title='bbox 372 3953 445 4017; x_wconf 83' lang='lat' dir='ltr'><strong>loeo</strong></span> <span class='ocrx_word' id='word_1_294' title='bbox 458 3953 655 4018; x_wconf 84' lang='lat' dir='ltr'><strong>Aristoteles</strong></span> <span class='ocrx_word' id='word_1_295' title='bbox 674 3953 750 4019; x_wconf 81' lang='lat' dir='ltr'><strong>dieii</strong></span> <span class='ocrx_word' id='word_1_296' title='bbox 768 3975 837 4038; x_wconf 82' lang='lat' dir='ltr'><strong>eos,</strong></span> <span class='ocrx_word' id='word_1_297' title='bbox 853 3953 905 4040; x_wconf 91' lang='lat' dir='ltr'><strong>qui</strong></span> <span class='ocrx_word' id='word_1_298' title='bbox 924 3953 1014 4018; x_wconf 88' lang='lat' dir='ltr'><strong>ideas</strong></span> <span class='ocrx_word' id='word_1_299' title='bbox 1032 3954 1208 4040; x_wconf 87' lang='lat' dir='ltr'><strong>posuerint,</strong></span> <span class='ocrx_word' id='word_1_300' title='bbox 1263 3969 1270 3988; x_wconf 87' lang='lat'><strong>·</strong></span> 
     </span>
     <span class='ocr_line' id='line_1_35' title="bbox 103 4060 1209 4150; baseline 0.005 -24"><span class='ocrx_word' id='word_1_301' title='bbox 103 4060 249 4149; x_wconf 82' lang='lat' dir='ltr'><strong>aliquam</strong></span> <span class='ocrx_word' id='word_1_302' title='bbox 269 4070 358 4130; x_wconf 87' lang='lat' dir='ltr'><strong>eerte</strong></span> <span class='ocrx_word' id='word_1_303' title='bbox 376 4063 534 4128; x_wconf 88' lang='lat' dir='ltr'><strong>rationem</strong></span> <span class='ocrx_word' id='word_1_304' title='bbox 553 4063 671 4130; x_wconf 80' lang='lat' dir='ltr'><strong>afferre</strong></span> <span class='ocrx_word' id='word_1_305' title='bbox 688 4087 798 4150; x_wconf 84' lang='lat' dir='ltr'><strong>posse,</strong></span> <span class='ocrx_word' id='word_1_306' title='bbox 820 4087 879 4130; x_wconf 89' lang='lat' dir='ltr'><strong>eur</strong></span> <span class='ocrx_word' id='word_1_307' title='bbox 894 4081 1046 4128; x_wconf 86' lang='lat' dir='ltr'><strong>numeros</strong></span> <span class='ocrx_word' id='word_1_308' title='bbox 1065 4064 1097 4128; x_wconf 94' lang='lat' dir='ltr'><strong>in</strong></span> <span class='ocrx_word' id='word_1_309' title='bbox 1116 4088 1152 4130; x_wconf 89' lang='lat' dir='ltr'><strong>re</strong></span> <span class='ocrx_word' id='word_1_310' title='bbox 1170 4090 1209 4132; x_wconf 89' lang='lat' dir='ltr'><strong>ae</strong></span> 
     </span>
    </p>
   </div>
   <div class='ocr_carea' id='block_1_5' title="bbox 0 0 1454 4494">
    <p class='ocr_par' dir='ltr' id='par_1_8' title="bbox 0 0 1454 4494">
     <span class='ocr_line' id='line_1_36' title="bbox 0 0 1454 4494; baseline 0 2"><span class='ocrx_word' id='word_1_311' title='bbox 0 0 1454 4494; x_wconf 95' lang='lat' dir='ltr'><strong> </strong></span> 
     </span>
    </p>
   </div>
  </div>
 </body>
</html>
