2898 4494
189 240 251 306 120

188 399 288 468 xlmis
308 399 418 468 verbis
439 398 504 486 ἄρα
523 400 588 466 ἔστι
609 401 638 466 rt
657 397 698 487 ἦν
716 398 789 476 κτλ,
809 393 1026 482 grammatioa
1047 395 1165 484 altera,
1187 397 1294 465 altera

189 511 424 599 philosophiae.
467 509 564 577 Lioet
590 510 677 578 enim
706 507 868 574 scribendi
890 507 1088 594 elegantiam
1110 529 1175 572 non
1197 529 1295 595 quae·

190 621 307 690 siveris
329 622 362 686 iu
384 619 577 688 Aristotelis
598 617 849 706 metaphysicis,
878 617 959 683 illud
982 624 1092 683 tamen
1114 618 1172 684 vix
1192 619 1297 706 feras,

190 735 274 819 quod
297 731 388 796 nulla
409 731 539 796 omnino
563 727 724 815 partieula
747 726 964 812 significatum
987 736 1055 814 est,
1083 749 1145 813 qua
1166 731 1296 794 ratione

191 843 274 908 haee
296 841 443 929 quaestio
467 843 508 905 ad
537 840 721 905 uuiversum
750 838 987 904 sententiarum
1013 823 1200 905 contextum
1223 862 1296 924 per-

191 951 307 1018 tineat.
361 952 413 1017 Αο
446 971 487 1014 ne
523 948 602 1013 illud
635 948 765 1034 quidem
800 948 934 1034 elicitur,
970 953 1054 1034 quod
1082 959 1153 1015 erat
1187 950 1296 1015 dieen-

194 1062 286 1142 dum3
316 1082 391 1126 nam
414 1081 479 1124 non
502 1059 533 1123 id
557 1059 685 1143 quaerit
707 1059 906 1125 Aristoteles
928 1066 1034 1123 utrum
1058 1060 1189 1124 omnino
1211 1058 1299 1125 exsl-

194 1177 262 1234 stat
283 1170 372 1234 notio
401 1168 627 1233 substantialis
654 1190 776 1252 neone,
803 1170 860 1232 sed
889 1175 995 1231 utrum
1026 1171 1067 1232 ad
1093 1190 1148 1233 res
1169 1191 1300 1254 eompo·

194 1279 277 1344 sitas
299 1281 413 1344 eadem
437 1280 602 1364 pertineat
625 1299 667 1342 an
695 1276 788 1368 unice
816 1278 859 1339 ad
887 1276 1106 1359 substantias,
1140 1276 1205 1359 ἄρα
1233 1284 1303 1344 τοῦ

196 1385 366 1472 ἱματίου,
389 1393 526 1454 τουτέστι
547 1391 615 1453 τοῦ
636 1389 843 1463 συνθέτου,
865 1386 948 1450 ἐστὶν
970 1382 1096 1469 ὁρισμὸς
1117 1384 1208 1472 ἢούκ
1222 1385 1302 1467 ἔστι,

195 1504 232 1561 ut
264 1505 355 1562 reete
382 1498 557 1582 Asclepius
589 1497 824 1580 interpretatur
850 1519 882 1582 p.
910 1494 1070 1567 Vdssbdd·
1123 1494 1303 1583 Utramque

198 1605 421 1670 difficultatem
445 1606 600 1670 fauillime
622 1627 793 1672 removere
815 1605 892 1670 milri
915 1605 1028 1670 videor
1050 1604 1159 1672 deleto
1181 1613 1302 1692 puncto

200 1722 277 1782 aute
310 1713 393 1802 ἄρα,
421 1728 458 1781 ut
480 1738 564 1782 nova
588 1715 773 1806 errunoiatio
802 1714 844 1778 ab
872 1712 957 1779 ἄλλοί
984 1715 1146 1800 ordiatur,
1180 1724 1215 1781 et
1244 1739 1303 1802 pro

199 1825 399 1892 nominativo
421 1825 457 1892 τὰ
481 1825 592 1916 ἱματίῳ
612 1831 745 1910 recepto
768 1824 877 1890 dativo
900 1829 944 1916 τῷ
965 1823 1076 1915 ἱματίῳ
1096 1829 1185 1901 εἶναι,
1207 1847 1303 1912 quem

199 1936 329 2024 quidem
351 1959 475 2021 casum,
498 1957 519 1998 a
540 1933 696 2000 Beklrero
722 1935 757 1999 in
781 1934 931 2000 lectionis
957 1936 1119 2002 verietate
1145 1959 1163 2001 e
1187 1936 1303 2000 eodiei-

200 2044 262 2109 bus
283 2066 347 2108 non
371 2051 550 2127 enatorum,
570 2045 604 2110 in
620 2044 842 2128 Sylburgiuna
859 2051 970 2110 tamen
996 2045 1139 2111 editione
1163 2046 1305 2132 reperio.

202 2152 383 2218 Praeterea
404 2155 489 2239 quod
505 2154 663 2244 scribitur
690 2155 726 2217 τὸ
753 2156 783 2217 τί
808 2153 847 2242 ἦν
869 2157 969 2224 εἶναι
995 2156 1094 2244 λευκῷ
1114 2157 1226 2239 εἶναι,
1249 2177 1306 2224 rre-

203 2262 347 2329 oessario
370 2263 511 2328 alterum
535 2265 617 2328 atron
638 2261 850 2329 omittendum
879 2271 945 2346 eet3
975 2286 1015 2328 ao
1040 2265 1148 2350 priore
1176 2267 1306 2352 quidem

204 2373 274 2437 loeo
297 2376 326 2438 rt
346 2372 385 2459 ἦν
402 2377 510 2466 ,εἶναι
531 2373 629 2464 λευκῷ
651 2373 730 2438 illud
754 2373 966 2438 omittendum
997 2395 1070 2440 esse
1098 2376 1307 2442 verisimilius

206 2490 269 2566 est,
291 2505 388 2569 quum
410 2492 545 2570 propter
566 2482 771 2570 frequentem
794 2507 888 2548 usum
910 2483 1071 2550 formulae
1094 2486 1130 2550 τὰ
1151 2490 1181 2552 τί
1202 2487 1242 2575 ἦν
1263 2491 1309 2552 εἴ·

205 2614 260 2657 ναι
275 2591 371 2658 fereile
395 2594 438 2658 ilri
460 2615 482 2657 a
505 2591 647 2658 librariis
670 2595 767 2676 adjici
790 2577 942 2680 potuerit.
987 2595 1039 2660 Αο
1054 2596 1171 2662 deinde
1188 2599 1220 2662 iu
1236 2620 1309 2664 ver·
1358 2651 1363 2656 .

208 2701 258 2766 bis
287 2701 351 2787 ἄρα
378 2703 442 2767 ἔστι
464 2706 493 2766 ri
513 2701 554 2788 ἦν
575 2703 656 2766 οἶκοί
676 2729 705 2768 τι
726 2707 746 2791 ἢ
767 2706 847 2781 ὅλως
867 2708 889 2794 ἢ
909 2707 951 2772 οὔ
972 2707 1046 2793 quid
1069 2707 1100 2769 in
1124 2707 1308 2793 iuterroga-

208 2811 296 2876 tione
325 2813 366 2874 ab
394 2811 459 2896 ἆρα
477 2812 634 2880 'ordiente
662 2815 824 2896 particula
850 2817 871 2902 ἤ
900 2816 948 2880 bis
970 2817 1078 2901 posita
1099 2816 1218 2882 faulam
1242 2840 1309 2884 non

208 2919 313 3005 video,
335 2941 395 2986 neo
418 2921 633 2988 dubitaverim
656 2923 797 3016 priorem
814 2947 1014 3011 expungere,
1037 2927 1111 2992 lieet
1133 2950 1207 2994 eam
1223 2928 1310 2995 oomss

91 3055 97 3066 ·
208 3031 389 3096 meritorius
416 3030 597 3097 Alexandri
626 3034 711 3098 tueri
738 3034 889 3100 videatur
917 3058 948 3120 p.
975 3041 1123 3108 Malu
1153 3037 1217 3103 Sed
1246 3061 1308 3106 noa

208 3140 359 3224 proxima
381 3143 481 3206 verba
502 3142 654 3208 ridentur·
675 3144 807 3228 integra
829 3167 903 3210 esse
925 3148 1002 3231 ὅπερ
1023 3149 1084 3234 γάρ
1111 3173 1141 3214 τι
1167 3148 1207 3236 ἦν
1228 3151 1310 3214 εἶναι

209 3248 273 3314 ἔστι
294 3250 331 3316 τὰ
352 3253 382 3314 τί
401 3248 441 3336 ἦν
462 3255 553 3316 εἶναι.
596 3253 659 3318 His
682 3254 767 3318 euim
789 3255 911 3340 verbis,
932 3255 995 3320 nisi
1018 3256 1127 3342 fallor,
1150 3260 1234 3329 idem
1251 3281 1312 3344 per

211 3360 295 3424 idem
319 3360 521 3443 significaret
541 3362 762 3448 philosophus.
808 3363 901 3438 Quae
923 3375 1034 3434 autern
1059 3371 1178 3434 debeat
1203 3371 1311 3436 inesse

210 3469 251 3533 iis
273 3471 435 3534 sententia
457 3470 511 3536 vel
534 3493 552 3536 e
574 3475 816 3540 commentariis
838 3477 1021 3542 Alexandri
1040 3484 1077 3541 et
1098 3477 1245 3563 Asolepii
1269 3481 1311 3544 ad

212 3578 243 3643 Ιι.
258 3577 281 3643 l.
297 3578 407 3662 oolligi
428 3588 537 3666 potest
559 3587 612 3647 καὶ
634 3582 702 3648 ἐπεὶ
722 3585 758 3649 τὰ
781 3587 812 3649 τί
831 3584 871 3668 ἦν
893 3587 974 3648 εἶναι
996 3585 1147 3651 ἐπὶτῶν
1169 3583 1312 3651 οὐσιῶν

212 3687 294 3753 ἐστίν
314 3689 376 3754 κτλ.
398 3711 429 3773 p·
450 3694 578 3764 Ydllutl.
607 3698 671 3780 τῆς
698 3695 758 3777 γὰρ
787 3690 924 3767 οὐσίας
951 3693 1015 3760 ἐστὶ
1039 3699 1152 3782 κυρίως
1174 3691 1314 3780 ὁρισμός.

212 3822 243 3884 p-
266 3798 434 3883 trabea,
455 3801 509 3865 vel
531 3804 675 3884 apertius
697 3802 797 3866 etiam
820 3822 839 3866 e
865 3803 1025 3886 proximis
1053 3804 1163 3871 verbis
1185 3804 1314 3870 Aristo·

213 3907 288 3971 telis
310 3908 497 3992 eognositur
517 3913 597 3974 ὅταν
618 3913 651 3974 δ’
668 3910 746 3976 ἄλλο
767 3924 838 3976 κατ’
854 3913 954 3979 ἄλλου
968 3915 1102 4002 λέγηται,
1123 3914 1193 3982 οὐκ
1207 3915 1314 3982 ἔστιν

216 4017 235 4080 ὅ
242 4038 311 4102 περ
331 4024 374 4088 ro'
380 4021 402 4086 d
407 4045 423 4084 ε
444 4045 490 4085 τι.
533 4017 614 4084 lude
636 4020 723 4084 euim
747 4031 886 4110 apparet
899 4022 1115 4096 Aristotelem
1137 4035 1237 4096 autea
1257 4048 1313 4092 uo-
