2906 4500
1222 297 1261 368 51

120 483 124 490 ·
172 460 247 530 libri
279 461 489 547 manuscripti
521 459 813 546 motuphyoioorom
846 467 880 528 et
910 462 1037 549 quoties
1068 485 1090 530 ιι
1121 460 1263 532 libror-iio

173 571 345 638 manifesto
377 571 519 638 erratum
553 573 614 656 eit,
646 573 808 638 nerninem
836 571 941 640 intere
972 575 1097 660 potest,
1128 575 1181 662 qui
1207 577 1262 642 vol

173 682 418 752 Bekkeriaoom
440 683 611 750 editionem
630 705 703 749 oum
718 682 938 768 superioribus
951 686 1134 771 oontolerit,
1156 686 1209 752 vel
1229 686 1262 750 in

173 795 244 882 ipso
265 793 441 862 novissimo
461 793 601 859 editione
624 793 770 858 leotionie
791 795 1043 880 discrepantiam
1065 795 1096 860 in
1116 796 1264 881 margine

174 913 341 973 enotntom
363 903 626 988 perlustraverit3
647 905 702 969 vix
725 906 811 970 enim
833 905 933 970 olium
948 905 1108 974 scribendi
1120 928 1265 974 errorem

174 1017 306 1100 saepius
326 1014 531 1080 commissum
552 1015 682 1098 videon,
708 1035 802 1099 qoam
829 1017 882 1104 qoi
908 1017 942 1082 in
969 1015 1149 1099 adjiciendo
1175 1015 1265 1082 omit·

174 1128 273 1194 tendo
294 1127 535 1210 transponendo
557 1123 694 1189 ortioolo
716 1123 868 1192 cernitur.
894 1127 1008 1214 ltaque
1029 1125 1083 1192 vix
1106 1118 1289 1210 oonjeoto-'

175 1259 234 1304 reo
255 1235 385 1301 nomino
406 1234 513 1303 notari
534 1233 671 1320 poterit,
697 1234 725 1298 ri
752 1233 874 1322 aliquot
899 1236 979 1302 loeis
1003 1235 1173 1321 flagitante
1195 1258 1268 1302 oen·

175 1347 298 1414 tentioe
319 1345 446 1412 rationo
468 1352 501 1412 et
523 1345 789 1412 confirmantibus
810 1344 885 1410 ollio
905 1344 997 1431 loeis,
1019 1345 1073 1433 qui
1096 1346 1269 1412 denudem

75 1465 77 1470 '
177 1481 230 1524 re·
243 1463 336 1539 sunt,
362 1457 458 1522 modo
486 1455 658 1520 restituero
685 1457 855 1541 omissum,
887 1458 982 1522 modo
1010 1451 1159 1522 omittere
1185 1455 1269 1525 falso

179 1569 340 1648 odjeotom
363 1566 531 1632 articulum
553 1565 750 1632 conabimur.
793 1563 845 1631 Ao
867 1565 967 1631 molto
989 1567 1115 1653 quidem
1139 1567 1270 1653 saepius

179 1701 198 1744 o
221 1676 512 1762 rnetophysioorurn
534 1683 645 1760 texto,
671 1676 803 1764 qualem
823 1697 907 1742 nuno
928 1676 1103 1760 habemus,
1124 1677 1269 1743 oximen.

179 1792 239 1855 dus
260 1788 386 1854 videtur
407 1787 574 1873 antinoios,
594 1809 689 1874 qoam
713 1788 743 1852 ei
765 1788 942 1852 adolendos.
976 1794 1016 1862 R,
1032 1793 1059 1856 l.
1076 1806 1108 1869 p.
1121 1787 1270 1860 995h27.

181 1901 252 1984 (Br.
272 1905 328 1984 41,
349 1897 416 1983 30.)
457 1904 509 1964 καὶ
529 1901 663 1982 πότερον
684 1895 719 1960 αἳ
740 1893 906 1979 ἀρχαὶκαὶ
926 1893 966 1958 wi
987 1905 1121 1976 στοιχεῖα
1141 1898 1181 1961 τὰ
1201 1902 1272 1984 γένη

180 2012 263 2077 ἐστὶν
283 2013 303 2096 ἢ
324 2010 367 2084 εἷς
387 2013 410 2072 ἅ
431 2008 598 2092 διαιρεῖται
619 2006 834 2089 ἐνυπάρχοντα
854 2008 994 2070 ἕκαστον·
1021 2009 1073 2068 καὶ
1086 2007 1116 2070 oi
1134 2007 1174 2072 ool
1194 2012 1273 2094 γένη,

182 2123 317 2204 πότερον
337 2120 397 2182 ὅσα
419 2115 470 2179 ἐπὶ
490 2125 554 2190 τοῖς
575 2113 702 2199 ἀτόμοις
726 2115 846 2195 λέγεται
873 2115 1035 2181 τελευταῖα
1055 2117 1077 2203 ἤ
1096 2117 1136 2182 τοὶ
1156 2124 1273 2203 πρῶνα,

184 2229 253 2296 olon
278 2231 411 2313 πότερον
437 2224 516 2316 ζῷον
540 2225 560 2311 ἢ
586 2221 759 2311 ἄνθρωπος
780 2223 857 2312 ἀρχή
883 2226 946 2291 κτλ.
994 2225 1139 2308 Subjeoti
1167 2228 1273 2295 looom

183 2341 307 2406 obtinet
327 2337 367 2404 mi
387 2341 458 2423 γένη
478 2339 497 2422 ἦ
517 2335 560 2412 εἷς
575 2337 597 2400 ὁὶ
612 2334 777 2418 διαιρεῖται
792 2334 1008 2417 ἐνυπάρχοντα
1022 2339 1159 2414 ἕκαστον,
1180 2359 1275 2424 proe-

184 2453 310 2518 diootur
322 2451 362 2514 de
378 2447 417 2511 iis
431 2446 533 2533 ἀρχαί,
554 2453 698 2524 στοιχεῖα.
733 2441 808 2505 Hoo
822 2441 906 2506 enim
922 2443 1050 2530 quaerit
1064 2443 1274 2530 Aristoteles,

183 2570 290 2628 utrum
312 2577 436 2644 genero
456 2575 566 2620 rerum
588 2571 631 2616 on
654 2571 714 2618 eoo
735 2557 858 2637 portes,
873 2548 904 2614 in
921 2571 1002 2638 quos
1023 2551 1095 2638 ipsa
1119 2577 1174 2620 ros
1196 2557 1275 2622 olivi·

186 2675 287 2756 ditur,
316 2689 375 2755 pro
403 2663 569 2751 principiis
591 2669 624 2728 et
649 2661 820 2728 elementis
840 2661 889 2728 rei
910 2662 1059 2730 habenda
1080 2663 1155 2731 sint.
1197 2665 1277 2734 dom

185 2805 283 2871 quom
306 2780 485 2859 subjeetum
508 2795 567 2838 ιιιιι
587 2781 704 2839 natoue
726 2773 886 2838 oolsoisoot
908 2775 1091 2859 articulum,
1112 2779 1278 2862 praediea·
1386 2781 1390 2789 ’

185 2901 254 2959 tom
271 2896 395 2972 contra,
414 2884 476 2950 nisi
492 2883 666 2968 singularis
680 2886 836 2970 quaedam
853 2886 1000 2967 gravitas
1015 2886 1065 2953 vel
1081 2886 1147 2952 alin
1161 2909 1278 2956 ooossn

188 3001 303 3070 similis
325 2996 516 3082 aooesserit,
546 2999 682 3068 eundem
704 3000 854 3081 respuat,
876 3002 952 3065 onte
966 2995 1067 3082 “ἄρχαί
1089 3004 1122 3062 et
1144 3013 1279 3082 στοιχεῖα

188 3111 341 3181 nrtioolos
363 3108 398 3175 oi
417 3116 451 3176 et
472 3112 513 3174 τά
535 3109 689 3175 delendos
710 3124 837 3171 conseo.
875 3102 1025 3176 Quodne
1047 3103 1159 3171 videar
1180 3109 1280 3200 unxia

187 3228 326 3313 quodam
341 3220 551 3286 formularum
566 3217 850 3304 grammaticarum
866 3214 1023 3299 religione
1038 3222 1194 3302 statuero,
1210 3219 1280 3303 ipso

189 3331 388 3402 Aristoteles
409 3353 461 3398 me
483 3327 649 3410 delendot3
671 3347 809 3414 nomque
831 3330 866 3391 et
887 3325 946 3390 hoe
968 3325 1038 3411 ipso
1058 3325 1127 3392 loeo
1142 3327 1281 3413 legimus

190 3442 259 3510 οἷον
285 3440 418 3524 πότερον
444 3438 522 3526 ζῷον
546 3439 567 3522 ἢ
593 3432 763 3520 ἅνθρωπος
789 3435 880 3521 ἀρχή,
907 3455 971 3498 non
998 3434 1017 3522 ἡ
1044 3435 1136 3525 ἀρχή,
1164 3445 1198 3505 et
1225 3441 1279 3504 obi

190 3556 233 3620 od
248 3553 384 3617 eandem
400 3547 621 3636 quaestionem
637 3547 720 3609 redit
736 3557 871 3626 στοιχεῖα
882 3551 915 3610 ot
930 3542 1023 3627 ἀρχαί
1043 3553 1078 3611 ut
1093 3550 1281 3634 proediooto

191 3667 263 3730 sine
289 3659 426 3726 nrtieolo
454 3657 563 3723 soribit
584 3663 624 3733 B,
645 3663 675 3728 3.
700 3677 728 3741 p.
750 3659 900 3727 998a20·
936 3659 1006 3738 περι
1026 3681 1058 3722 τι
1084 3661 1203 3724 τούτων
1223 3657 1282 3724 οὖν

192 3774 310 3859 ἀπορία
331 3771 430 3856 πολλή
450 3775 517 3846 πῶς
538 3768 590 3832 det
613 3771 748 3850 θέμενον
773 3777 875 3848 τυχεῖν
895 3770 947 3852 τῆς
971 3765 1121 3851 ἀληθείας
1140 3771 1193 3832 καὶ
1213 3773 1283 3852 περὶ
1321 3749 1322 3752 ¹

192 3888 256 3949 τῶν
276 3882 380 3968 ἀρχῶν
399 3883 533 3968 πότερον
553 3878 605 3942 oso
622 3877 662 3942 τὰ
682 3880 753 3963 γένη
780 3885 914 3959 στοιχεῖα
939 3881 991 3942 καὶ
1018 3873 1115 3962 ἀρχὰς
1139 3872 1283 3960 imolan-

193 3995 303 4079 βάναν
328 3995 348 4078 ἢ
373 3991 495 4078 μᾶλλον
520 3989 554 4068 ἕξ
579 3983 626 4055 ὦν
653 3987 891 4074 ἐνυπαρχόντων
922 3987 1005 4052 ἐστὶν
1037 3989 1166 4048 ἕκαστον
1197 3991 1283 4071 πρῶ-

1042 4091 1086 4162 48
