2898 4494
1221 279 1264 346 75

171 447 221 512 ita
248 446 291 510 ad
318 441 449 512 verbam
475 441 660 510 consentire
686 467 759 510 cnm
787 444 869 511 libro
898 446 995 532 tertio
1020 443 1145 512 decimo
1165 448 1214 520 M,
1234 449 1267 516 4.

172 579 204 644 p.
228 557 533 640 omanadum.
558 561 701 630 lesdas.
725 556 804 637 (lir.
825 563 902 640 266,
922 563 1096 640 ed-ada,
1117 553 1209 639 esi,
1230 563 1268 622 nt
1369 585 1373 592 ’

172 687 234 736 neo
254 667 388 734 fortuita
408 667 575 733 consensio
591 667 795 754 essepnssit,
816 689 921 754 neque
936 689 977 732 ea
992 667 1024 732 in
1039 689 1135 752 qnam
1151 673 1266 752 sponte

172 780 293 846 ineidat
319 779 458 863 scriptor
483 799 580 865 quma
608 782 650 846 de
677 781 792 845 eadem
818 801 855 844 re
882 778 997 844 iterem
1026 779 1182 862 disserat,
1209 778 1267 842 sed

171 891 244 976 ipsa
264 889 368 958 verba
388 910 431 955 ex
452 889 557 954 altero
578 887 649 956 loeo
672 895 713 956 ad
736 891 873 956 alterum
887 889 1051 959 translata
1071 911 1146 954 esse
1166 909 1268 974 appa·

170 1008 256 1068 reat.
291 1000 364 1064 [loo
377 1000 476 1085 igitur
489 1000 701 1066 consensione
716 1001 865 1066 nolumus
888 1000 934 1068 ita
955 1000 1057 1086 abuti,
1070 1007 1116 1068 ut
1135 1017 1267 1066 omaern

171 1114 343 1178 vorborum
371 1109 621 1195 discrepantiam
648 1110 766 1176 tollere
786 1119 820 1176 et
840 1119 1009 1198 utrumque
1033 1111 1141 1178 locum
1168 1111 1268 1176 etiem

172 1220 282 1288 invitis
302 1221 394 1288 libris
416 1243 512 1290 mser.
536 1243 723 1310 exaequare
744 1223 940 1304 audeamus,
962 1225 1019 1288 scd
1039 1222 1094 1288 ubi
1110 1221 1268 1289 dubitatio

171 1333 281 1419 eliqua
300 1356 322 1400 e
346 1333 486 1402 lectione
514 1332 652 1400 alterius
680 1332 753 1398 libri
778 1340 855 1398 orta
883 1321 943 1419 per
968 1332 1096 1398 codices
1122 1333 1269 1412 ejusdem

172 1443 319 1528 expediri
340 1463 405 1508 non
428 1442 559 1528 poterit,
578 1443 717 1508 alterius
738 1442 811 1508 libri
834 1443 998 1530 scriptura
1018 1443 1203 1510 adhibenda
1225 1442 1270 1508 ei-

171 1557 278 1640 detur,
302 1553 330 1618 si
351 1552 512 1641 quidinde
533 1553 646 1618 anxilii
667 1554 740 1640 peti«
755 1552 869 1639 possit.
912 1553 1059 1621 Eundem
1082 1556 1115 1620 in
1138 1555 1269 1620 mudum

173 1666 258 1731 lanc
278 1665 527 1750 discrepantiam
549 1667 703 1732 tractavit
717 1664 1040 1751 Treudelanburgius
1054 1668 1095 1731 de
1104 1665 1192 1732 ideis
1207 1672 1268 1732 etc.

170 1765 204 1864 p.
228 1782 377 1862 2244,
399 1783 432 1843 et
455 1778 559 1844 tribus
581 1779 621 1844 tle
643 1777 724 1844 locis
746 1776 793 1844 ite
815 1777 999 1861 disputavit,
1021 1783 1057 1840 ut
1071 1775 1103 1842 ei
1117 1795 1180 1840 non
1197 1795 1270 1862 pos-

172 1889 272 1954 simus
292 1909 357 1952 non
379 1889 551 1955 assentire.
596 1888 680 1952 Nam
708 1887 853 1972 primum
870 1884 998 1971 quidem
1027 1889 1110 1970 quod
1137 1887 1269 1954 brer-em

173 2000 262 2065 illam
286 1999 513 2084 disputationis
534 2003 676 2084 partem,
698 2003 782 2083 quae
804 1994 976 2081 peculiaris
991 1995 1074 2062 libro
1096 1995 1193 2062 tertio
1216 1997 1270 2062 da·

172 2111 257 2176 cimo
279 2108 483 2176 desideretur
502 2106 656 2192 inprims
678 2128 709 2191 p.
727 2107 967 2193 leiwid-ll„
988 2109 1151 2174 excidisse
1167 2107 1270 2194 priato

174 2221 259 2286 libro
280 2218 475 2306 suspicatur,
497 2219 711 2306 siquidemet
732 2217 923 2286 Aristotelis
945 2221 1195 2304 argumentandi
1216 2241 1270 2288 ra·

173 2333 293 2400 tionem
308 2332 435 2396 referat
449 2339 482 2396 et
497 2331 662 2396 artissime
675 2351 747 2396 cnm
764 2329 898 2417 reliquis
912 2330 1099 2415 cohaereat,
1116 2343 1270 2415 magnmu

171 2450 263 2512 certe
289 2444 359 2510 veri
386 2442 527 2530 speciem
553 2443 661 2507 habet.
710 2438 841 2515 Mature
869 2459 949 2504 sana
978 2440 1058 2519 haec
1084 2441 1271 2526 corruptela

173 2555 344 2642 irrepsisse
371 2554 405 2619 iu
432 2561 558 2628 textum
586 2552 760 2616 statuenda
787 2548 865 2631 orit3
892 2571 1030 2638 namque
1056 2552 1089 2618 in
1117 2553 1158 2616 iis
1184 2573 1272 2618 eom·
1395 2628 1398 2633 ¹

173 2666 356 2750 menteriis,
376 2665 429 2750 qui
453 2661 635 2729 Alexandri
655 2660 788 2728 nomine
809 2660 975 2747 feruntur,
995 2662 1152 2728 distinete
1172 2665 1271 2730 atino-

174 2784 263 2843 taiur
277 2800 309 2863 p.
325 2775 454 2848 817b8
470 2773 564 2840 unica
579 2773 660 2839 haec
674 2773 774 2838 verba
787 2773 968 2858 peculiaria
983 2796 1056 2842 asse
1071 2775 1155 2842 libro
1169 2772 1270 2858 xm,

48 2905 50 2910 ’
173 2889 369 2975 reliquorum
391 2885 690 2971 interpretationem
705 2887 879 2970 petendam
894 2908 967 2952 esse
987 2907 1008 2951 e
1029 2884 1272 2952 commentariis

174 3002 218 3080 ad
243 2998 360 3065 librum
387 2995 526 3083 primum
554 2997 692 3083 seriptis
736 2995 803 3068 sed
831 2996 1097 3080 depravationem
1126 3017 1190 3060 non
1213 2997 1272 3064 mi-

172 3133 286 3178 norem
308 3109 452 3196 plaribns
472 3108 554 3174 locis
576 3111 647 3192 jam
678 3107 855 3194 antiquitus
876 3107 1047 3172 inhaerere
1069 3107 1175 3173 textui
1197 3107 1273 3174 Ari·

174 3222 323 3292 stntelico
338 3219 424 3285 iufra
437 3221 626 3287 videbimus.
641 3259 681 3272 -·
700 3217 793 3292 Quod
809 3220 849 3284 de
865 3217 969 3284 altero
983 3217 1100 3304 loeop.
1115 3223 1272 3293 1079217.

174 3330 501 3412 Trendalenbnrgius
519 3331 690 3415 judicarit,
710 3329 956 3416 cornprobatnm
976 3339 1029 3412 est,
1047 3336 1081 3394 et
1101 3331 1271 3398 confirma-

174 3452 243 3509 tum
266 3437 412 3506 llslslsari
436 3439 595 3523 editione,
622 3442 675 3526 qui
698 3463 770 3505 anm
795 3441 842 3508 sic
860 3440 1009 3506 exhibuit
1029 3445 1081 3506 eoi
1100 3444 1215 3510 cadmo
1236 3442 1271 3508 cd
1403 3501 1405 3508 .

175 3556 255 3641 πρός
274 3575 305 3617 m
325 3555 378 3619 eui
397 3553 491 3616 roseo
512 3553 570 3616 ruri
589 3555 668 3616 καθ’
691 3547 780 3616 αὑτό.
796 3587 839 3602 -
856 3550 907 3616 lie
923 3552 1020 3618 tertia
1034 3553 1173 3640 denique
1188 3553 1271 3638 loco,

177 3666 229 3752 qui
257 3671 308 3731 est
334 3663 367 3727 in
390 3661 548 3748 principio
574 3660 803 3747 disputationis
824 3664 865 3729 da
891 3661 972 3728 ideis
992 3670 1045 3741 M,
1066 3687 1098 3750 p.
1124 3669 1271 3737 1079a2.

177 3781 256 3840 καθ’
277 3775 408 3840 ἕκαστόν
428 3797 461 3838 τε
482 3774 541 3858 γὰρ
562 3770 731 3858 ὁμώνυμόν
753 3771 816 3837 ἐστι
829 3777 882 3838 καὶ
901 3774 989 3860 παρὰ
1003 3753 1061 3856 τὰς
1074 3774 1190 3849 οὐσίας,
1210 3776 1273 3838 τῶν

178 3871 574 3970 resmissionem
600 3883 726 3949 sinitote
752 3882 831 3949 illud
857 3883 984 3950 videtur
1010 3905 1087 3951 vere
1113 3890 1271 3968 statuere,

179 4015 243 4060 non
282 4017 355 4062 esse
387 4003 461 4082 post
493 3993 598 4060 cilios
628 3993 837 4062 inserendum
869 3991 927 4076 ὧν,
964 4003 1001 4060 ot
1031 3991 1199 4056 exhibetur
1230 3999 1272 4068 A,

179 4128 211 4194 p·
224 4105 352 4182 uuum.
387 4107 498 4196 Neque
512 4105 655 4176 codicum
677 4107 872 4178 auctoritate
893 4121 1154 4188 magnopereea
1175 4101 1271 4170 leutio
