2906 4500
1177 273 1220 338 25

122 441 176 516 ὄν,
198 437 370 520 πολλαχῶς
391 436 427 503 ad
449 437 507 520 μὲν
527 433 587 522 γὰρ
602 437 651 501 ὅτι
665 433 780 502 οὐσίαν
794 437 942 521 σημαίνει,
964 432 998 500 τὰ
1014 435 1042 500 d’
1057 437 1108 500 ὅτι
1119 437 1222 511 ποιόν,

121 550 158 615 τὸ
186 548 215 612 d’
243 549 292 613 ὅτι
318 549 436 631 ποσόν,
463 549 515 609 καὶ
541 546 598 622 τὰς
624 545 725 622 ἄλλας
753 544 792 629 δὴ
819 548 1011 630 κατηγορίας.
1048 556 1143 610 unior
1164 543 1224 610 οὖν

122 661 165 726 τα
185 659 263 726 ὄντα
284 659 391 723 πάντα
413 661 456 733 ἓν,
477 657 506 720 εἰ
524 655 566 741 μὴ
586 656 624 720 τὸ
645 655 689 738 μὴ
708 656 747 720 ὃν
767 653 869 732 durau
896 654 1030 733 πότερον
1056 653 1092 718 αἱ
1120 653 1226 718 οὐσίαι

123 772 144 855 ἢ
164 768 204 832 roi
226 771 331 854 πάθης
353 771 406 831 καὶ
426 766 466 830 ad
487 766 578 830 ἄλλα.
592 765 632 850 δὴ
653 763 768 848 ὁμοίως
789 766 928 826 ἅπαντα·
951 766 1004 825 καὶ
1025 763 1111 826 ἔσται
1132 768 1168 827 ἓν
1188 764 1224 828 sd

115 877 197 943 ,τόδε
224 876 276 942 καὶ
296 876 332 940 τὸ
347 872 478 942 'rodida
505 873 556 939 ’καὶ
578 873 614 939 ad
635 871 767 939 τοσόνδε
788 869 840 937 iat
861 870 962 935 adila
978 868 1045 936 ’ὅσα
1067 869 1150 936 intr
1172 889 1228 957 ση·

122 992 237 1072 μαίνει.
274 985 370 1048 initio
392 985 489 1065 hujus
510 983 744 1047 enuntiationis
766 1003 830 1046 nan
852 981 949 1046 facile
965 982 1028 1046 erit
1050 981 1229 1066 explicare,

124 1117 183 1161 eur
210 1093 415 1180 hypothetice
437 1089 637 1156 Aristoteles
659 1089 778 1154 dixerit
799 1093 828 1154 si
845 1092 881 1156 τὸ
903 1092 943 1157 ὄν
964 1096 999 1157 ri
1021 1115 1082 1158 em
1103 1103 1155 1155 ert
1174 1090 1229 1156 vel

126 1208 162 1270 α’
183 1205 272 1288 quid
293 1214 346 1267 ert
369 1221 449 1286 ens,
476 1200 529 1266 vel
556 1219 744 1285 quecunque
770 1201 864 1264 modo
887 1221 928 1264 ea
948 1190 1050 1268 verba
1070 1202 1229 1285 interpre-

127 1312 190 1376 tari
212 1311 301 1378 libet.
345 1312 397 1378 Ae
418 1311 564 1396 profectu
585 1331 649 1373 nnn
672 1309 720 1374 ite
741 1309 889 1394 seripsit,
917 1317 1008 1373 certa
1030 1331 1094 1373 non
1116 1312 1163 1374 ita
1185 1311 1231 1374 di-

129 1422 250 1505 stingui
277 1421 380 1486 voluit
405 1419 621 1503 Aristoteles,
648 1421 707 1483 sed
733 1421 763 1482 st
785 1420 821 1484 ad
851 1420 890 1485 ὂν
911 1419 1078 1501 πολλαχῶς
1099 1422 1232 1500 conjun-

132 1513 241 1612 genda
262 1535 349 1612 sunt,
370 1529 404 1592 ri
426 1529 564 1613 quidem
579 1550 639 1592 em
652 1529 843 1614 multiplici
861 1531 959 1594 modo
976 1531 1125 1608 diuitum
1148 1529 1233 1594 trane

130 1637 272 1702 notionis
300 1638 490 1703 varietatem
519 1640 631 1704 endem
660 1639 790 1703 nomine
821 1640 1089 1724 comprehensam
1118 1641 1234 1704 deinde

131 1767 192 1831 per
213 1747 422 1834 parenthesin
445 1748 593 1832 exponit3
621 1771 696 1814 nam
719 1749 908 1834 parenthesi
937 1749 1131 1814 includenda
1157 1754 1235 1812 sunt

132 1858 233 1922 verba
253 1859 289 1924 sd
310 1864 368 1942 μὲν
388 1857 449 1942 γὰρ
470 1895 513 1908 -—
533 1864 732 1943 κατηγορίανς
755 1865 824 1920 tum
847 1879 867 1918 a
889 1869 983 1920 ποῖον
1004 1858 1063 1922 οὖν
1084 1857 1234 1941 incipitur

132 1968 303 2052 apodosis,
326 1971 457 2048 adjecta
479 1990 521 2032 ea
542 1966 722 2051 particule,
750 1985 815 2050 que
837 1964 1030 2048 rraepisirne
1052 1965 1236 2049 interrupta

134 2096 194 2161 per
216 2075 424 2161 parenthesin
449 2074 596 2138 oratione
618 2075 786 2160 superiora
807 2075 840 2140 in
866 2076 1056 2141 memoriam
1077 2096 1235 2142 revocan-

135 2194 205 2268 tur,
227 2185 269 2252 ei.
292 2185 379 2248 infra
400 2185 443 2248 ad
464 2189 508 2270 A,
530 2192 559 2256 3.
585 2211 616 2275 p.
640 2191 780 2258 essaei
806 2192 839 2252 et
864 2185 1018 2272 Hartung
1042 2185 1169 2252 Partiia
1190 2184 1235 2251 ll.

135 2316 167 2379 p.
189 2303 242 2366 22.
287 2293 355 2360 Sed
377 2294 409 2357 in
432 2293 503 2379 ipra
526 2294 587 2360 hae
608 2295 743 2379 apodosi
772 2296 874 2379 inest,
907 2299 991 2382 qued
1020 2316 1134 2357 sanum
1162 2315 1236 2360 essa

135 2425 201 2469 non
220 2410 342 2490 petest.
379 2403 473 2476 Quod
496 2405 581 2468 enirn
605 2404 759 2467 scribitur
780 2414 874 2467 παϊαν
895 2402 955 2467 οὖν
970 2403 1016 2466 τὰ
1036 2403 1117 2467 ὄντα
1130 2406 1239 2467 πάντα

137 2519 189 2599 iv,
216 2535 281 2578 nen
309 2520 418 2600 potest
450 2526 546 2579 ποῖον
572 2512 637 2574 aiio
665 2533 760 2596 quarn
791 2513 831 2574 ad
859 2511 1081 2594 praedicatum
1110 2511 1238 2578 referri.

139 2623 321 2696 Quaereret
341 2624 441 2708 igitur
455 2619 664 2706 Aristoteles,
687 2620 773 2706 queli
790 2620 915 2686 unitate
930 2619 1040 2685 emnia
1054 2619 1144 2685 entie
1158 2619 1240 2688 Par·

139 2736 285 2800 nnenides
307 2732 544 2817 comprehensa
565 2737 708 2798 censeat.
745 2730 793 2795 At
814 2752 878 2794 nnn
899 2731 960 2796 hoe
973 2729 1163 2795 Parmenidi
1185 2730 1240 2794 ob-

137 2846 211 2924 jicit
232 2842 444 2926 Aristotelea,
465 2844 548 2929 quod
572 2849 722 2906 naturam
744 2841 831 2906 illius
852 2841 988 2907 unitatis
1009 2863 1073 2906 nen
1090 2844 1171 2908 setis
1185 2846 1240 2910 de-

140 2951 279 3038 finierit,
312 2953 370 3017 sed
401 2955 484 3038 quod
513 2973 577 3016 non
610 2951 813 3036 distinxerit,
846 2973 929 3036 quae
957 2952 1047 3017 entia
1072 2953 1126 3018 vel
1155 2955 1241 3039 qnod

142 3063 262 3128 entium
287 3083 392 3148 genus
418 3064 545 3126 unitate
566 3063 781 3127 contineatur.
824 3063 969 3148 πότερον,
991 3061 1055 3146 ait,
1081 3059 1116 3124 ai
1137 3060 1243 3126 odaiae

142 3175 223 3262 ἢτοὶ
245 3176 344 3258 πάθη,
367 3195 450 3258 quaa
473 3179 547 3236 sunt
563 3173 693 3237 diversa
707 3177 765 3237 τοῦ
785 3172 877 3247 ὄντος
890 3191 1023 3254 genera.
1060 3170 1111 3234 Ae
1126 3173 1242 3237 deinde

145 3281 178 3344 ἐκ
203 3285 320 3344 ποίαν
348 3280 407 3345 οὖν
432 3283 525 3358 ὄντας
549 3289 602 3347 καὶ
627 3283 667 3368 psi
697 3283 789 3358 ὄντος
809 3280 913 3346 πολλὰ
934 3280 975 3344 τα
996 3281 1084 3347 ὄντα.
1128 3281 1244 3368 ltaque

144 3395 242 3478 quum
265 3411 284 3454 a
305 3387 520 3454 ratiocinandi
542 3411 629 3454 nexu
650 3391 794 3479 ipsisque
817 3413 836 3455 e
857 3391 966 3456 verbis
979 3389 1170 3456 Aristotelis
1185 3413 1244 3477 ap-

146 3507 279 3586 pareat,
312 3509 407 3563 ποϊαν
434 3497 551 3562 referri
580 3497 701 3562 debere
734 3503 777 3565 ad
809 3493 988 3588 subjectum
1015 3501 1178 3566 enuneiati
1206 3502 1246 3566 τοὶ
1274 3517 1277 3520 “

148 3611 242 3697 ὄντα,
271 3629 335 3674 non
358 3609 468 3674 dubito
494 3607 571 3695 quin
598 3609 817 3692 reponendum
841 3610 884 3673 sit
905 3620 1008 3675 nota.
1052 3609 1246 3678 Alexander

149 3721 221 3803 quid
254 3721 286 3784 in
314 3723 408 3784 textu
434 3717 601 3802 habuerit,
634 3739 653 3784 e
679 3715 810 3783 scholii
838 3739 903 3782 non
931 3721 1012 3785 satis
1039 3727 1147 3804 potest
1174 3742 1246 3806 per·

32 3921 33 3924 ¹
151 3828 246 3911 spici3
274 3829 351 3894 iliud
374 3837 485 3893 tamen
509 3835 658 3913 apparet,
681 3851 754 3894 eum
777 3849 956 3913 pronomen
979 3829 1246 3913 interrogativum

33 3979 37 3990 ι
152 3938 314 4004 rettulisse
341 3941 383 4008 ad
405 3939 604 4020 subjeetum,
631 3940 715 4024 quod
743 3939 998 4024 selvisiegibns
1025 3937 1248 4020 grammaticis

154 4068 216 4114 ¹¹⁰¹¹
239 4048 353 4134 Ρθῖῑῑὶΐ,
375 4049 402 4114 si
424 4061 518 4116 ποῖον
531 4048 672 4135 legebat.
716 4061 810 4118 notor
824 4053 954 4134 τούτων,
975 4046 1100 4129 seribit,
1122 4044 1250 4129 ὃΠαρ-
