2898 4494
1196 260 1255 328 131

162 425 232 512 (ΒΓ.
253 431 331 509 242,
358 407 421 526 llll)
450 423 535 490 idem
562 380 724 508 interpres
751 429 841 490 reete
869 422 1036 509 perspexit
1062 423 1163 490 verba
1188 422 1257 488 otoo

161 542 233 621 mli,
255 539 341 620 σάρξ,
362 537 490 621 κεφαλή.
517 536 647 599 ἅπαντα
668 534 728 618 γὰρ
749 533 807 619 etp
827 534 899 609 doti,
920 536 973 596 καὶ
993 537 1046 618 τῆς
1059 533 1183 617 μάλιστ’
1202 530 1258 599 01).

163 651 234 723 σίας
254 646 273 734 ἦ
294 645 456 709 τελευταία
483 643 592 710 aliena
614 667 688 710 esse
710 644 751 708 ab
775 667 813 709 eo
835 643 924 728 loeo,
951 664 1013 728 quo
1040 665 1125 709 nune
1146 642 1257 732 legun-

161 762 230 838 tur3
251 739 308 822 sed
331 755 415 842 quod
437 776 478 819 ea
499 757 687 841 reponenda
709 753 825 818 statuit
847 759 921 838 post
942 752 1000 839 ὕλη
1021 758 1073 818 καὶ
1093 751 1257 838 ὖποκείμε-

160 887 218 932 νον
244 873 330 937 all.
353 887 469 931 vereor
498 863 535 930 ul
558 867 704 954 cuiquam
742 864 845 929 looum
872 885 1070 948 personasse
1097 863 1257 930 videatur.

162 975 367 1061 Quamquam
389 974 521 1042 diffieilo
543 977 673 1042 omnino
695 974 759 1041 erit
781 974 906 1058 dinero,
934 975 1021 1040 undo
1048 975 1129 1040 baeo
1156 973 1258 1040 verba

160 1086 318 1171 repetita,
345 1108 406 1173 quo
428 1087 633 1152 restituendo
658 1105 870 1170 ‹senseamum¹
896 1106 957 1164 neo
984 1084 1089 1174 magis
1118 1084 1170 1150 bio
1198 1105 1259 1148 nos

160 1194 304 1261 fatemur
326 1197 453 1263 neseire
474 1201 632 1284 quourodo
655 1204 729 1263 orta
751 1203 785 1262 m
807 1183 872 1280 qua
885 1194 1013 1260 ratione
1027 1194 1174 1261 tollenda
1188 1215 1260 1259 eor·

163 1305 295 1392 ruplela
315 1306 477 1391 videatur,
500 1329 595 1394 quarn
618 1307 995 1393 5¹¹.ll‘?l).¹l²ll¹.l⁰.'.fll‘⁰ff⁰
1022 1303 1094 1369 loeo
1120 1306 1259 1390 proximi

159 1397 336 1496 unitus.
348 1415 859 1504 prosam-mturare.)
882 1413 933 1479 uu
948 1413 1033 1480 enam
1050 1415 1151 1480 verna
1165 1414 1210 1480 so
1225 1416 1262 1480 a

159 1530 213 1590 καὶ
232 1525 297 1590 ἔστι
316 1531 369 1592 καὶ
390 1533 526 1610 γίγνεται
547 1517 617 1594 duta
635 1521 757 1593 neti'eiv
777 1527 845 1612 εἴδη
866 1525 923 1592 οὐκ
944 1525 1036 1603 ἔστιν,
1057 1528 1135 1592 ὥστε
1157 1525 1212 1590 διὰ
1233 1532 1263 1590 el

160 1634 200 1704 eri
220 1636 370 1703 κάκείνων
396 1638 463 1725 εἴδη
491 1638 589 1717 ἑστίης
617 1637 675 1705 oder
700 1638 767 1723 ἄρα
793 1639 881 1704 αἴτια
906 1636 948 1702 eol
973 1636 1041 1720 εἴδη
1066 1635 1149 1700 ἐστίν
1176 1638 1259 1701 adeo

160 1748 336 1815 manifesto
365 1748 600 1814 sententiarum
632 1770 752 1815 nexum
780 1749 1037 1830 interrumpunt,
1071 1751 1107 1809 ut
1134 1743 1258 1810 secludi

158 1865 247 1924 eerto
269 1858 310 1924 ab
333 1858 508 1924 editoribus
531 1858 722 1926 debuerint..
756 1855 853 1924 Unde
875 1863 986 1921 autem
1003 1854 1087 1919 bauo
1107 1855 1258 1922 enuncia-

158 1966 281 2032 tionem
306 1968 369 2032 huo
395 1970 555 2032 intrusam
583 1975 713 2051 putem,
740 1988 817 2031 num
845 1965 1022 2051 repetitam
1050 1985 1069 2029 o
1091 1965 1258 2049 aperiero

161 2084 257 2164 parte
281 2077 527 2162 disputationi,
555 2098 618 2164 qua
646 2079 687 2142 de
714 2079 828 2142 eadem
856 2099 893 2142 re
915 2075 1024 2162 agitur
1045 2095 1076 2160 p.
1101 2081 1260 2161 1080a5.,

160 2209 203 2253 an
220 2188 284 2252 alio
299 2189 436 2278 quodam
460 2191 554 2254 modo
578 2197 695 2273 ortam,
717 2209 759 2253 no
782 2167 954 2254 divinando
976 2186 1104 2272 quidem
1126 2188 1259 2273 adsequi

158 2321 306 2386 possum,
345 2298 389 2365 Et
416 2298 501 2364 baud
530 2297 595 2366 seio
624 2321 667 2366 on
696 2321 736 2364 eo
765 2297 927 2365 difficilius
955 2297 998 2360 sit
1024 2296 1193 2381 probabile
1217 2299 1258 2364 do

160 2411 256 2500 hujus
278 2409 340 2478 looi
362 2411 489 2475 ratione
508 2410 665 2492 judicium
696 2408 800 2491 serre,
826 2410 909 2496 quod
937 2407 1068 2472 omnino
1095 2408 1258 2494 posterior

159 2543 239 2606 pars
267 2519 341 2587 libri
369 2521 457 2588 tertii
487 2518 603 2586 deeimi
631 2518 707 2583 indo
735 2539 758 2581 a
784 2539 816 2602 p.
841 2518 1030 2600 1083b23.‚
1060 2517 1088 2581 si
1109 2517 1256 2584 ordinem

160 2639 194 2698 et
214 2637 402 2696 contextum
426 2627 661 2694 sententiarum
684 2629 896 2713 speetaveris3
918 2630 1061 2710 majores
1075 2639 1109 2692 et
1130 2627 1258 2712 gravio-

162 2763 217 2807 res
252 2741 473 2806 dubitationes
507 2747 626 2808 movet.
677 2739 744 2804 Sed
772 2761 831 2804 eas
857 2746 1079 2826 pertractare,
1105 2737 1256 2825 quoniam

161 2854 208 2936 ad
226 2850 385 2936 originem
407 2850 515 2937 potius
538 2849 691 2916 librorum
713 2850 1008 2934 metaphysieorum
1025 2847 1255 2936 explicandam

161 2985 256 3052 quam
280 2964 322 3028 ad
345 2983 455 3028 eorum
478 2968 603 3028 textum
626 2965 864 3028 emendandum
887 2961 1070 3046 pertinent,
1097 2961 1139 3028 ab
1161 2959 1256 3043 hujus

145 3074 387 3162 ⁸disputationis
408 3073 545 3144 oonsilio
566 3071 707 3143 alienum
731 3079 790 3142 est.
