2898 4494
1180 335 1247 403 113²

137 506 210 566 etat
231 501 294 562 nui
314 495 357 562 ed
378 497 418 562 du
439 501 521 572 eote
541 489 698 561 εἴδεσιν.
730 491 948 561 Βοοιιεοωῐιη
967 489 1078 582 ideae,v
1096 497 1238 587 ideisque

136 609 219 694 ipsis
240 627 338 672 unum
359 627 478 673 caussa
499 611 569 690 est,
583 623 649 668 non
670 613 837 692 tamquam
860 607 999 672 materia
1019 607 1074 674 vel
1092 627 1240 695 movens,

136 721 196 784 sed
223 717 397 803 'tamquam
430 712 519 778 notio
552 713 786 780 substantialis.
844 715 955 804 Atque
988 717 1049 783 hoe
1080 719 1240 803 proximis

135 828 246 895 verbis
267 830 350 892 adeo
373 831 486 910 aperta
502 823 699 888 Aristoteles
714 825 802 909 dieu,
824 833 859 890 ut
877 826 1031 891 miremur
1053 829 1158 895 adhuc
1180 830 1241 896 hoc

136 941 290 1004 mendum
312 935 506 1002 editionibus
528 934 715 999 inhaerere:
751 935 835 1000 ἀλλὰ
855 935 892 1002 ed
913 939 943 1000 ot
962 935 1002 1024 ἤν
1023 940 1103 1002 εἶναι
1124 938 1240 1028 ἑκάστῳ

135 1053 200 1112 πων
222 1047 329 1112 ἄλλων
354 1047 387 1130 (ἰ.
404 1067 433 1110 e.
454 1033 519 1119 σοῖς
540 1042 716 1128 αἰσθητοῖς)
737 1042 777 1107 σοὶ
799 1046 866 1131 εἴδη
887 1050 1084 1132 παρέχονται,
1106 1057 1186 1124 σοῖς
1207 1048 1240 1112 δ’

84 1200 88 1210 ·
138 1158 269 1222 εἴδεσι
289 1155 330 1221 ad
353 1160 407 1234 ἓνς
430 1160 463 1218 et
485 1151 595 1238 paullo
618 1158 695 1216 autc
717 1157 760 1230 A,
781 1161 811 1223 6.
834 1175 865 1239 p.
880 1163 1017 1228 988al3.
1043 1163 1123 1224 aaut
1144 1153 1180 1245 ἧς
1201 1157 1242 1221 ed

140 1266 209 1351 εἴδη
229 1270 288 1348 μὲν
309 1265 443 1330 ἐπὶτῶν
464 1261 626 1348 οῖσθητῶν
646 1261 687 1328 ad
710 1262 744 1327 δ’
765 1266 807 1328 ἓν
828 1263 864 1328 ἓν
884 1276 950 1340 τοϊς
971 1266 1066 1330 εἴδεσι
1078 1271 1205 1346 γίνεται.

200 1374 434 1439 Manifestum
468 1379 520 1438 est
553 1393 595 1437 ex
628 1371 679 1436 his
706 1372 884 1459 exemplis,
917 1394 1014 1459 quum
1043 1396 1170 1440 surnuna
1198 1375 1241 1440 sit

136 1485 277 1551 Graecis
291 1482 602 1550 commentatoribus
617 1483 795 1546 auctoritas
807 1483 982 1548 tribuenda
995 1483 1030 1550 iu
1052 1490 1145 1550 textu
1165 1483 1241 1552 Ari·

137 1594 264 1660 stotelis
286 1595 512 1659 constituendo
534 1597 570 1658 et
590 1594 804 1677 emendando,
827 1613 900 1660 esse
921 1601 1031 1658 tamen
1047 1594 1101 1658 nbi
1125 1599 1242 1681 depra-

112 1745 117 1754 -
136 1706 350 1770 votiotextus
365 1703 453 1774 ultra
465 1688 580 1784 eorum
594 1709 738 1767 aetatem
760 1705 904 1786 recedat,
927 1703 997 1768 sivo
1012 1703 1242 1772 animadversa

137 1815 179 1878 ab
208 1814 290 1899 iliis,
323 1815 397 1882 sive
420 1834 484 1878 non
513 1812 754 1877 animadversa.
819 1811 934 1896 Itaque
961 1831 1025 1874 non
1055 1831 1171 1877 vereor
1199 1835 1242 1880 ne
1332 1852 1335 1857 ·

138 1924 296 1990 audaciae
317 1923 372 1991 vel
395 1904 538 1988 leuitatis
560 1922 706 2002 incuset,
736 1919 762 1982 si
791 1919 913 2006 aliquot
943 1919 1242 2004 metaphysioorum

137 2033 228 2099 locos
265 2031 480 2112 tentaverim,
513 2029 546 2092 in
579 2028 693 2114 quibus
726 2029 941 2109 conjecturas·
965 2051 1057 2098 meas
1090 2031 1143 2098 vel
1176 2053 1242 2097 non

137 2143 260 2228 possim
282 2140 475 2206 confirmare
497 2159 516 2204 e
537 2138 702 2204 veteribus
724 2141 1046 2226 commentatoribus,
1067 2139 1241 2209 ueletiam

138 2259 253 2337 aperte
275 2255 428 2316 recedere
450 2249 578 2316 videam
602 2250 643 2314 ab
665 2270 777 2314 eorum
800 2256 903 2317 textu
947 2251 1061 2315 Pauca
1081 2253 1243 2332 ejusmodi

138 2344 303 2449 inpriore
326 2361 621 2446 metaphysicorum
649 2365 744 2444 purte
767 2357 877 2422 inveni
901 2358 1062 2443 (Α-Δ),
1090 2361 1186 2446 plura
1208 2365 1241 2428 in

137 2475 336 2559 posteriore,
364 2475 457 2554 cujus
484 2479 518 2536 ct
545 2475 658 2534 textus
680 2465 867 2532 mendosior
888 2473 938 2531 est
960 2475 996 2533 et
1015 2472 1241 2538 commentarii

139 2582 241 2647 multo
265 2585 423 2648 minorem
446 2581 567 2658 habent
589 2578 825 2644 auctoritatem.
948 2567 951 2572 ’
1112 2573 1116 2580 ’

108 2679 111 2682 ’
225 2699 267 2768 A,
281 2700 312 2763 9.
336 2691 532 2776 11·9t)2b31.
554 2688 627 2772 (ne
641 2693 695 2772 34,
716 2688 777 2772 10.)
822 2687 942 2753 Errare
965 2689 1162 2757 Aristoteles
1184 2715 1242 2757 eos

139 2803 228 2886 dicit,
250 2803 302 2884 qui
325 2798 478 2864 ‹inducor›
499 2803 562 2863 redd
575 2795 677 2864 ὄντων
699 2797 862 2888 clemente
884 2806 918 2864 et
932 2821 1068 2866 caussas
1082 2811 1243 2888 quaerant

140 2915 275 2994 ejusque
307 2910 355 2975 rei
385 2909 554 2974 scientiam
589 2929 663 2973 esse
692 2909 883 2994 opinentur3
911 2909 987 2976 inde
1015 2912 1101 2976 enim
1129 2935 1242 2979 eonse-
1277 2944 1288 2951 ’

139 3041 242 3107 quens
264 3043 349 3103 esse,
374 3027 410 3084 ut
432 3019 512 3084 nihil
535 3026 612 3084 ante
628 3020 821 3104 cognovisse
836 3017 951 3103 possit,
973 3020 1026 3104 qui
1043 3021 1126 3086 hauc
1140 3023 1242 3088 soien-

139 3132 218 3196 tiam
234 3137 370 3215 quaerat
384 3127 499 3215 (οὐθὲν
513 3127 624 3194 οἷόντε
638 3131 852 3215 προϋπάρχειν
865 3127 1052 3213 γνωρίζοντα
1066 3132 1242 3217 πρότερον),

139 3262 269 3306 onmem
291 3261 370 3304 vero
393 3241 562 3304 seientiam
584 3238 656 3304 fieri
672 3261 713 3304 ex
730 3237 937 3303 antecedenti
952 3237 1152 3322 cognitiones
1173 3247 1262 3306 xci-⁸·

138 3363 188 3416 τοι
208 3354 299 3413 ποῖσοι
326 3348 463 3432 μάθησις
490 3347 546 3411 διὰ
571 3353 885 3433 προγιγνωσκομένων
908 3349 931 3434 ἢ
954 3350 1084 3413 πάντων
1109 3351 1244 3436 darneio

140 3461 212 3534 ἐσσί,
227 3465 278 3523 καὶ
292 3461 312 3545 ἢ
327 3458 372 3522 δι’
387 3456 578 3534 ἀποδείξεως
592 3459 612 3541 ἢ
627 3456 672 3520 δι’
686 3455 832 3540 ὁρισμῶν.
870 3457 917 3523 At
930 3478 994 3521 non
1011 3458 1043 3523 id
1058 3459 1129 3544 agit
1139 3460 1243 3545 philo·

139 3570 279 3654 sophus,
307 3576 343 3633 nt
364 3574 441 3655 quot
464 3565 529 3633 siut
550 3567 768 3650 cognoscendi
790 3587 916 3650 genera
937 3567 1102 3635 discernat
1123 3577 1157 3635 et
1179 3571 1243 3641 dis-

136 3681 276 3764 junget,
303 3682 361 3744 sod
384 3685 436 3762 ut,
464 3685 620 3765 quotquot
642 3676 724 3760 sint,'
747 3679 925 3760 conjungat
947 3685 981 3745 et
1003 3681 1111 3745 omnia
1131 3681 1242 3764 cogni·
1327 3667 1333 3676 ⁵

132 3777 262 3856 ¹tionem
287 3791 533 3854 antecedentem
556 3788 720 3874 requirere
743 3789 959 3872 demonstrem
982 3811 1084 3879 quare
1098 3810 1163 3854 non
1178 3789 1242 3852 dis·

136 3899 292 3981 junctivis
319 3898 488 3986 particulis
515 3898 614 3986 Η,
647 3901 706 3964 sed
734 3898 949 3980 conjunctivis
975 3903 1130 3966 utendum
1158 3904 1243 3982 erat,

139 4009 255 4095 quibus
282 4011 382 4073 utitur
401 4009 501 4074 Anat
522 4015 607 4096 post.
628 4008 657 4093 1,
680 4016 728 4093 l.,
756 4009 811 4076 ubi
838 4011 879 4077 dc
907 4012 1021 4078 eadem
1044 4031 1081 4074 re
1104 4008 1241 4074 eundem

190 4118 507 4174 acsimanensium.
1020 4113 1044 4179 8
