2906 4500
210 267 254 334 82

212 435 287 500 dnm
315 429 358 496 sit
384 433 425 496 nd
453 426 511 496 oda
536 429 623 498 ἔσται
650 432 805 517 ἐπιστήμη.
857 427 1008 497 Geletnm
1036 429 1177 497 eonlmri
1206 425 1313 516 potest
1438 497 1439 532 ἦ

212 541 418 628 parenthesis
446 541 487 605 ah
517 541 629 609 iisdem
657 541 768 605 verbis
793 541 872 621 λέγω
899 543 937 606 δέ
962 541 1118 626 incipiens
1146 541 1222 610 Eth.
1248 541 1312 606 llu-

212 655 296 718 dem.
320 651 350 736 l,
370 656 402 721 d.
424 674 456 737 p.
473 657 640 724 1215829.
660 683 704 698 -··
725 649 834 733 Magis
857 656 966 715 antem
989 654 1054 718 nlio
1072 654 1218 740 ejusdem
1240 651 1314 718 lihri

212 762 284 826 loeo
306 762 471 827 sententia
497 758 664 844 soriptoris
686 780 726 824 eo
748 760 957 854 ohscuratur,
984 765 1069 848 quod
1094 763 1237 828 editores
1259 783 1317 847 pe·

211 870 376 936 renthesis
387 871 483 954 signa
494 867 635 947 ndjioere
646 868 834 938 omiserunt.
858 870 986 936 Etenim
998 878 1036 954 Z,
1050 881 1100 946 10.
1111 893 1142 958 p.
1154 873 1316 946 1035h16.

213 981 284 1067 (llr.
303 987 373 1055 148,
388 983 433 1058 9.)
456 976 654 1044 Aristoteles
668 980 723 1044 nhi
739 982 901 1067 exposuit,
922 1003 1007 1070 qnae
1022 983 1088 1049 sint
1102 983 1232 1050 omnino
1246 1003 1315 1046 rna-

212 1092 316 1156 teriae
332 1095 365 1152 et
379 1107 462 1172 quaa
479 1089 619 1154 notionis
634 1099 759 1175 partes,
781 1092 931 1172 exemplo
953 1113 974 1154 o
995 1111 1131 1171 oorpore
1153 1105 1186 1158 et
1207 1093 1317 1158 enimn
1440 1076 1441 1132 3

213 1198 352 1262 hominia
367 1200 506 1285 repetito
522 1221 592 1267 rem
607 1203 654 1264 sie
675 1201 831 1262 illustrat:
854 1196 921 1258 dmi
942 1192 1019 1280 ‹ld-oi
1041 1197 1102 1256 τῶν
1124 1195 1209 1283 ζῴων
1229 1203 1317 1284 ψυχή

218 1309 327 1392 (τοῦτο
341 1309 402 1396 γὰρ
425 1309 518 1374 οὐσία
539 1313 596 1370 τοῦ
617 1303 776 1393 ἐμψύχου)
806 1301 928 1389 ἢ·κατοὶ
951 1303 1007 1367 τὸν
1032 1302 1129 1381 λόγον
1149 1301 1243 1367 οὐσία
1263 1308 1316 1364 καὶ

213 1421 249 1483 τὸ
272 1424 301 1482 τί
321 1419 360 1500 ἦν
381 1419 520 1503 εἶναιτῷ
540 1413 652 1502 τοιῷδε
673 1415 800 1496 σώματι·
837 1416 968 1477 ἕκαστον
989 1417 1067 1493 γοῦν
1087 1411 1123 1476 nd
1145 1417 1236 1496 μέρος
1258 1411 1317 1474 ἐὰν
1370 1403 1373 1414 '

213 1524 349 1608 ὁρίζηται
370 1517 493 1596 καλῶς.
514 1521 571 1588 οὐκ
599 1523 676 1585 ἄνευ
696 1529 755 1587 τοῦ
776 1525 869 1608 ἔργου
890 1521 1038 1607 ὁριεῖται,
1064 1523 1085 1588 d
1106 1522 1164 1604 οὐχ
1185 1519 1319 1606 ὑπάρξει

215 1634 294 1696 ἄνευ
316 1633 499 1716 αἰσθήσεως
541 1634 621 1695 ὥστε
641 1631 688 1696 τὰι
702 1633 816 1716 ταύτης
846 1637 921 1717 μέρη
947 1636 1096 1716 πρότερα,
1123 1635 1144 1720 ἢ
1171 1631 1320 1715 πάνταῆ

215 1741 299 1817 ἔνια,
326 1745 384 1806 τοῦ
405 1741 540 1807 συνόλου
561 1739 656 1831 ζῴου,
683 1747 736 1806 καὶ
762 1743 838 1808 καθ’
864 1746 994 1806 ἕκαστον
1015 1742 1055 1827 δὴ
1079 1741 1203 1824 ὁμοίως.
1246 1737 1319 1803 llnn

215 1851 342 1916 ratione
365 1851 393 1916 si
416 1851 622 1916 enunciatnm
646 1851 852 1934 distinxeris,
876 1871 970 1936 qnam
995 1849 1166 1914 lieltherus
1188 1855 1320 1912 secutus

217 1968 288 2043 est,
322 1962 364 2025 ah
397 1964 528 2024 ἕκαστον
559 1963 638 2040 γοῦν
663 1961 816 2044 apodesis
842 1959 942 2024 ordiri
970 1959 1144 2039 videbitnr3
1177 1966 1213 2024 at
1240 1958 1321 2022 lraoo

216 2068 318 2136 verba
344 2072 474 2132 ἕκαστον
501 2073 580 2148 γοῦν
605 2109 648 2120 -
676 2073 850 2155 αἰσθήσεως
875 2091 939 2134 non
967 2070 999 2134 id
1021 2071 1204 2152 eontinent,
1235 2068 1321 2154 qnod

216 2199 258 2244 ex
280 2176 404 2262 protasi
428 2184 655 2263 consequntur,
677 2181 737 2243 sed
758 2181 800 2242 ad
821 2179 1093 2262 comprobandam
1117 2179 1221 2261 ipsam
1243 2199 1319 2261 pro·

216 2289 304 2352 tasin
332 2287 505 2371 pertinent.
565 2287 724 2352 Nimirum
758 2287 901 2352 animam
934 2289 1150 2353 substantiam
1184 2305 1257 2350 esse
1286 2292 1319 2348 et

217 2399 385 2476 notionem
406 2397 657 2464 substantialem
679 2396 868 2462 animalium
891 2397 966 2462 inde
987 2397 1211 2479 cognoscitur,
1236 2395 1320 2477 qnod

218 2529 280 2576 neo
301 2529 378 2592 pars
400 2508 470 2573 ulla
490 2508 680 2573 animalium
703 2507 830 2575 deliniri
852 2513 1076 2594 roolepotest,
1098 2507 1158 2570 nisi
1178 2523 1322 2586 sensum,
1443 2493 1444 2520 ³

218 2620 272 2703 qui
295 2619 366 2682 sine
388 2620 499 2682 anima
521 2618 658 2701 eogitari
681 2625 838 2702 nequeat,
866 2617 1063 2683 adhibueris.
1105 2616 1220 2700 Itaque
1249 2618 1323 2678 ἕκα-

218 2745 294 2789 στον
314 2761 358 2772 -
379 2727 553 2807 αἰσθήσεως
573 2726 781 2808 parenthesis
802 2726 905 2808 signis
929 2727 1156 2793 inolnrlemlnm
1184 2728 1219 2787 et
1246 2745 1323 2806 apo»

220 2833 307 2897 dosis
329 2832 514 2916 inoipienda
536 2839 587 2895 est
609 2835 650 2898 ah
672 2837 761 2918 aines,
785 2856 881 2919 qnam
904 2836 1096 2918 particulam
1120 2835 1151 2898 in
1175 2834 1323 2919 npodosi,

220 2941 359 3006 relatam
384 2944 424 3004 nd
448 2941 527 3024 ἐπεί,
551 2943 683 3028 saepius
705 2945 746 3008 ab
769 2943 951 3009 Aristotele
973 2945 1247 3028 usurparisuprn
1269 2945 1324 3008 do·

219 3053 342 3118 enimus
356 3074 387 3135 p.
401 3057 454 3124 24.
485 3050 589 3123 Quam
606 3053 823 3137 praecipimus
839 3053 1089 3136 distinctionem,
1105 3065 1184 3116 eam
1194 3060 1232 3116 ot'
1245 3053 1324 3116 Bes·

220 3161 329 3224 sarion
353 3161 463 3248 hahet,
486 3170 519 3228 et
534 3162 726 3228 Alexander
740 3162 914 3247 signifieat,
930 3164 1016 3248 quod
1032 3162 1109 3227 dioit
1131 3183 1161 3244 p·
1172 3162 1323 3233 annom.

220 3270 317 3336 εἰπών
344 3271 375 3336 δ’
400 3276 450 3337 ὅτι
470 3272 489 3358 ἦ
510 3275 597 3365 ψυχή
619 3275 654 3338 τὸ
677 3274 761 3349 εἶδός
783 3274 847 3337 ἐστι
867 3279 930 3338 τῶν
959 3272 1058 3362 ζῴων,
1083 3274 1324 3338 κατασκευά-

220 3380 274 3454 ζει
301 3387 415 3448 τοῦτο
442 3384 475 3447 ἐκ
496 3389 559 3449 τῶν
578 3387 682 3468 μερῶν
702 3386 765 3447 τῶν
786 3382 886 3474 ζῴων,
912 3384 1009 3464 λέγων
1030 3387 1161 3447 ἕκαστον
1182 3385 1261 3461 γοῦν
1281 3415 1326 3452 -·,

221 3488 364 3572 ὁριεῖται,
392 3493 428 3556 nd
455 3492 494 3556 δὲ
518 3494 610 3579 ἔργον
636 3491 737 3558 αὐτοῦ
762 3495 841 3558 ἄνευ
873 3496 1048 3578 αἰσθήσεως
1069 3499 1122 3577 τῆς
1141 3496 1246 3582 ψυχῆς
1267 3488 1325 3570 οὐχ

221 3595 354 3682 ὑπάρξει
376 3600 471 3691 αὐτῷ.
493 3639 537 3652 -
573 3603 681 3690 ἐπειδὴ
702 3603 770 3680 οὖν,
791 3600 835 3677 ὦς
856 3607 983 3688 εἴρηται,
1004 3599 1024 3688 ἡ
1046 3607 1109 3665 τῶν
1131 3600 1217 3689 ζῴων
1237 3601 1325 3688 Ψυχὴ

221 3709 256 3771 τὸ
279 3706 364 3783 εἶδός
386 3708 469 3775 dorm
490 3709 610 3791 αὐτῶν,
635 3714 677 3780 τὰ
698 3717 811 3797 ταύτης
831 3715 906 3796 μέρη
927 3745 971 3760 -·-
992 3713 1129 3796 πρότερα
1151 3712 1209 3773 τοῦ
1230 3712 1325 3773 novd-
1443 3747 1444 3778 l

220 3817 278 3882 lov
300 3816 363 3882 ἐστὶ
384 3817 473 3909 ζῴου.

306 3928 384 3993 dam
414 3948 492 3994 vero
519 3929 572 3992 uhi
601 3930 655 3996 vol
683 3932 798 3994 eadem
826 3928 1033 4015 parenthesis
1055 3929 1185 4014 longius
1212 3937 1326 3996 exten·

221 4035 324 4119 (litut,
350 4039 405 4106 vel
427 4040 538 4127 plures
559 4038 663 4104 eidem
686 4039 859 4108 enunciato
881 4041 1096 4125 parentheses
1118 4040 1324 4124 interponun-
