2906 4500
195 281 199 298 '
226 287 271 356 οὓ

229 453 454 521 exsistentium
487 471 611 540 genere
643 464 838 526 statuantur.
892 459 1031 526 Omnem
1065 459 1148 526 lrauc
1175 461 1315 546 disputa·

228 565 349 632 tionem
372 565 488 634 deinde
513 568 563 635 lris
589 569 696 634 verbis
723 569 946 654 complectitur
972 578 1020 649 M,
1040 581 1071 643 2.
1095 589 1125 656 p.
1150 573 1319 645 ltt‘r'tib32.

227 675 300 761 (Br.
313 685 389 762 261,
404 682 450 760 ὅ.)
482 683 643 764 συμβαίνει
657 681 766 766 στερεοὶ
785 686 845 766 μὲν
863 683 988 764 μοναχά
1006 683 1093 768 παρὰ
1114 681 1154 747 τοὶ
1175 683 1319 769 adepte,

226 788 362 854 ἐπίπεδα
383 790 420 854 δὲ
440 789 544 877 τριττὰ
565 789 653 877 παρὰ
673 790 713 853 τὰ
734 791 878 879 αἰσθητά,
900 794 940 855 τοί
960 817 993 857 τε
1014 793 1162 882 crapulari
1183 791 1320 878 αἰσθητὰ

226 902 279 962 nai
299 898 339 964 rel
360 899 395 966 ἒν
415 909 480 974 τοῖς
499 886 728 986 μαθηματικοῖς
749 913 881 990 στερεοῖς
900 905 952 970 καὶ
972 905 1061 990 παρά
1082 905 1123 971 τοὶ
1137 905 1171 970 ἓν
1189 903 1319 976 τούτοις.

226 1007 312 1074 Tria
333 1031 407 1077 csse
422 1011 656 1111 dempnstravit
671 1012 914 1098 superficierum
931 1017 1079 1083 absolute
1095 1011 1318 1085 exsistentium

224 1137 361 1202 genera,
384 1119 520 1204 primum
543 1143 667 1208 aarum,
689 1145 772 1210 qnae
794 1132 926 1207 praeter
947 1126 1134 1207 superficies
1149 1121 1319 1192 sensibiles

226 1248 299 1294 csse
321 1235 506 1297 statuentur
528 1235 717 1316 alti-⁶16,
744 1232 883 1297 alterurn
910 1252 1021 1297 earum
1051 1254 1136 1318 quae
1163 1233 1263 1296 insint
1285 1231 1319 1295 iu

192 1389 194 1410 .
225 1339 306 1425 ipsis
334 1341 445 1408 solidis
473 1342 727 1427 mathematicis,
756 1343 886 1407 tertium
913 1344 1048 1431 deniqne
1075 1365 1208 1424 aarum,
1234 1361 1318 1426 qnae

225 1459 358 1535 praetor
379 1451 565 1535 superficies
585 1452 619 1517 in
641 1454 753 1522 solidis
782 1455 1020 1520 mathematicis
1036 1460 1207 1519 contentos
1225 1451 1317 1516 abso-
1358 1490 1362 1497 -

224 1559 293 1623 luta
319 1569 482 1644 ponantur
510 1583 531 1626 a
546 1569 700 1634 re-au.
753 1561 845 1630 llaec
873 1567 1002 1631 diversa
1029 1567 1095 1630 trie
1121 1577 1245 1650 genere
1270 1560 1320 1624 ita

224 1677 300 1734 runt
321 1669 550 1758 significanda,
577 1679 614 1737 ut
642 1673 771 1758 singula
797 1697 871 1741 eum
900 1675 1037 1740 articulo
1066 1673 1319 1759 pronunciantur

223 1783 265 1846 τά
286 1805 319 1847 τε
339 1783 428 1869 παρὰ
448 1783 488 1847 τοὶ
510 1783 719 1871 αἰσθητὰκαὶ
737 1785 778 1851 τοὶ
799 1786 833 1851 ἐν
854 1798 919 1863 τοϊς
938 1791 1166 1872 μαθηματικοῖς
1187 1791 1320 1868 στερεοῖς

223 1897 277 1957 καὶ
297 1893 344 1958 τοὶ
364 1893 453 1979 παρὰ
473 1894 513 1960 τὰ
535 1895 570 1959 ἓν
589 1899 719 1973 τούτοις.
756 1895 878 1962 Ultimo
897 1897 968 1962 loco
984 1895 1139 1962 articulus
1160 1915 1219 1981 per
1241 1911 1318 1957 eau-

224 2005 297 2069 dern
321 2002 474 2068 incuriam
498 2003 531 2068 iu
553 2004 702 2070 omnibus
724 2007 816 2073 libris
838 2007 1065 2094 manuscriptis
1087 2006 1247 2082 excidisse
1268 2003 1317 2069 vi-

223 2113 336 2198 detur,
364 2133 424 2198 per
441 2133 536 2199 quam
560 2113 658 2180 etiam
683 2119 880 2184 mediolaco
907 2120 947 2185 cd
973 2120 1008 2183 ἐν
1032 2129 1096 2197 τοῖς
1115 2121 1194 2202 poa.
1218 2131 1261 2185 στ.
1284 2115 1317 2178 in

223 2221 346 2290 dnobus
373 2225 466 2291 codd.
499 2221 587 2290 TAb
612 2227 750 2292 omissus
777 2236 837 2299 est.
887 2229 1095 2314 Alexander,
1122 2229 1175 2314 qui
1204 2228 1236 2290 in
1263 2247 1318 2290 ex·

222 2335 372 2422 plicando
395 2333 546 2401 hocloco
569 2339 611 2403 ad
633 2338 704 2426 ipsa
725 2337 914 2406 Aristotelis
937 2342 1035 2407 verba
1056 2339 1203 2426 proxima
1225 2356 1318 2401 acea·
1442 2391 1443 2394 ,

225 2447 289 2532 dit,
323 2445 495 2511 articulum
529 2469 624 2534 quern
652 2448 844 2537 requirimus
871 2471 934 2515 non
963 2451 1071 2516 omisit
1097 2434 1142 2515 ⁴coi
1169 2471 1202 2513 τε
1229 2446 1318 2534 παρὰ
1442 2487 1443 2496 1

223 2558 264 2624 τοὶ
284 2558 401 2644 φυσικοὶ
423 2559 558 2623 ἐπίπεδα
578 2564 630 2625 καὶ
656 2561 697 2626 τοὶ
723 2563 759 2627 ἕν
784 2567 1100 2650 τοῒςμαθρματικοῖς
1127 2562 1246 2644 σώμασι
1265 2561 1318 2623 καὶ
1442 2555 1443 2562 '

223 2669 271 2734 cel
297 2667 385 2752 παρτ)
417 2667 458 2732 τοὶ
492 2668 527 2732 ἐν
558 2681 623 2746 τοῖς
653 2675 881 2757 μαθηματικοῖς
912 2677 935 2738 ἄ
960 2679 1035 2739 καθ’
1049 2745 1051 2752 ,
1066 2671 1150 2738 αὐτοὶ
1175 2669 1317 2754 ὑπάρχει.

223 2799 256 2864 p.
284 2781 443 2849 aldeae.
492 2777 638 2844 Eundem
667 2782 837 2846 articulum
864 2783 1137 2849 Bessarion'sive
1164 2779 1196 2846 in
1223 2786 1316 2843 textu

223 2889 413 2961 Aristotelis
441 2886 582 2975 invenit,
611 2871 680 2956 siue
703 2891 747 2956 de¹
764 2892 952 2974 conjectura
973 2895 1101 2974 adjecit.
1128 2933 1171 2945 -
1197 2889 1317 2956 Paucis

223 3006 332 3074 verbis
350 3011 426 3070 ante
443 3001 528 3087 qnod
545 3001 696 3066 scribitur
712 3007 764 3066 καὶ
780 3006 899 3068 τούτων
914 3003 949 3067 ἓν
961 3015 1029 3079 ταῖς
1043 3008 1206 3089 προτέραις
1216 3027 1314 3101 χραμ-

222 3127 297 3202 μαῖς
308 3115 413 3202 ἑτέροις
428 3116 580 3201 προτέρας
596 3115 722 3198 στιγμάς
739 3113 799 3198 (Μ,
810 3121 842 3186 2.
857 3136 889 3199 p·
903 3119 963 3186 107
964 3113 1068 3185 db27.
1088 3111 1144 3179 Br.
1155 3119 1233 3196 260,
1248 3110 1312 3195 30.)

223 3234 260 3292 ut
281 3225 496 3312 grammatica
518 3223 753 3288 enunciationis
778 3223 990 3290 conformatio
1013 3233 1101 3290 recte
1125 3244 1161 3288 se
1184 3223 1315 3307 habeat,

223 3359 282 3424 pre
310 3343 428 3404 τούτων
454 3342 511 3399 aut
537 3333 739 3400 scribendum
762 3341 812 3400 ent
839 3337 984 3402 τούτων
1011 3339 1085 3402 τῶν
1110 3341 1167 3400 aut
1195 3332 1316 3419 simpli·

222 3451 304 3515 citer
330 3454 411 3514 τῶν.
458 3427 542 3510 Nam
569 3446 629 3511 hoe
651 3445 726 3511 dicit
749 3447 973 3533 Aristoteles,¹
994 3447 1033 3511 iis
1062 3445 1205 3531 punctis,
1232 3462 1341 3528 quae'

222 3559 361 3624 insunt
391 3559 424 3622 iu
453 3557 552 3623 'lineis
585 3555 764 3644 prioribus,
799 3560 909 3645 priora
941 3557 1114 3621 statuenda
1146 3575 1219 3619 esse
1249 3551 1315 3616 elia

221 3677 354 3760 puncta,
376 3688 458 3754 quaa
480 3689 549 3754 per
577 3689 618 3734 se
640 3669 813 3735 exsistant.

307 3780 373 3847 Sed
402 3777 482 3844 satis
506 3779 574 3860 jam
604 3783 653 3844 dc'
672 3778 808 3844 articulo
837 3797 1010 3864 perperam
1038 3773 1090 3840 vel
1120 3772 1238 3837 omisso
1260 3773 1314 3844 vel

222 3895 366 3975 adject03
389 3896 518 3955 restant
539 3889 638 3975 enirn,
661 3891 778 3977 quode
799 3911 920 3974 genere
935 3909 1029 3976 quum
1046 3886 1186 3951 maxime
1208 3887 1314 3973 dispn-
1442 3957 1443 3964 ρ

222 4009 294 4068 tere
316 4001 514 4091 prepositum
537 4007 620 4083 erat,
642 3999 699 4064 alii
720 4007 893 4086 praeterea
913 3999 987 4084 loci,
1009 3999 1062 4086 qui
1079 4005 1203 4068 nudata
1218 3999 1313 4062 modo

220 4109 340 4177 lineola
364 4114 455 4200 apice
469 4115 588 4201 puncto
605 4111 646 4175 ed
662 4111 834 4195 genuinam
850 4111 986 4177 formem
1001 4109 1173 4178 viduantur
1186 4106 1312 4176 restitui

308 4332 314 4368 l
