2906 4500
180 233 205 296 2

185 391 328 460 cernitur
360 391 394 456 in
423 389 717 478 metaphysicorum
747 389 861 454 ordino
889 396 923 455 et
950 387 1195 476 compositione.
1239 387 1289 452 Ea

185 510 235 569 cst
257 503 342 568 euim
366 503 466 567 totius
488 502 596 588 operis
621 499 722 584 ratio,
751 506 787 563 ut
808 501 879 581 jam
903 500 1080 586 antiquitus
1103 523 1120 564 a
1143 499 1290 565 doctissi-

184 612 247 676 mis
274 612 506 696 interpretibus
535 611 715 676 dubitatum
744 609 803 694 sit,
833 631 953 675 verone
981 607 1013 673 bi
1041 608 1114 674 libri
1142 629 1200 693 co,
1226 629 1289 693 quo

183 721 294 786 traditi
318 728 406 808 sunt,
427 723 539 786 ordino
561 721 603 784 ub
618 718 799 784 Aristotele
814 719 925 802 scripti
940 719 1019 801 siut,
1042 741 1083 782 an
1102 717 1289 783 omittendis

183 831 376 912 adjiciendis
400 828 652 912 transponendis
675 828 765 913 libris
792 828 893 892 totius
919 829 1028 914 operis
1050 828 1223 912 integritas
1246 825 1289 890 sit

183 941 323 1010 sublata.
367 939 441 1012 Qua
463 942 503 1003 dc
526 960 562 1003 re
585 937 735 1025 quidquid
759 939 930 1025 statuitur,
953 940 1013 1002 boc
1034 960 1132 1001 uuum
1151 959 1192 1002 cx
1216 937 1288 1020 ipsu

177 1051 371 1138 quaestione
395 1047 530 1113 multum
557 1069 599 1114 ee
621 1049 712 1113 varic
735 1055 877 1112 tractatu
900 1047 1106 1112 manifestum
1131 1053 1200 1130 est,
1223 1065 1288 1110 non

181 1181 255 1225 esse
278 1181 352 1224 eam
375 1158 470 1238 hujus
491 1159 601 1244 operis
622 1157 773 1238 formum,
795 1162 832 1218 ut
854 1155 966 1219 ordine
990 1162 1024 1218 et
1046 1158 1201 1242 contextu
1222 1156 1287 1218 sin·

175 1268 331 1355 ,gularum
353 1269 493 1353 partium
516 1267 652 1329 inultum
676 1264 840 1344 adjuveris
866 1266 907 1326 ad
935 1285 1094 1328 summanr
1118 1263 1191 1327 libri
1214 1285 1288 1347 per·

180 1361 394 1464 spicibndcm
418 1376 475 1438 sed
494 1375 613 1438 contra
634 1373 767 1454 assidua
788 1373 929 1440 lectione
951 1383 984 1441 et
1007 1381 1162 1440 accurata
1171 1374 1287 1457 pogni-

179 1489 270 1549 tiouc
292 1505 331 1548 oo
353 1484 540 1548 enitendum
568 1501 660 1567 esso,
675 1491 724 1548 ut
749 1484 951 1566 probabilem
980 1488 1020 1550 de
1046 1506 1123 1552 vcro
1146 1484 1287 1568 partium

178 1594 293 1658 ordine
308 1595 529 1682 conjecturam
544 1591 657 1658 facias.
685 1592 837 1659 Tertium
854 1594 991 1679 denique
1007 1594 1287 1678 impedimentum,

178 1706 262 1790 quod
286 1704 388 1768 verba
404 1701 578 1786 x'scriptoris
586 1702 703 1767 multis
720 1703 1104 1768 librariorumerroribus
1118 1703 1287 1790 inquinate

179 1815 272 1898 snut,
304 1817 474 1878 coruurune
502 1811 581 1878 illud
609 1814 736 1898 quidem
758 1820 810 1877 est
832 1812 1037 1898 Aristotelis.
1053 1814 1286 1896 metupbysiois

177 1941 254 1988 oum
269 1923 400 2009 reliquis
416 1922 567 1985 omnibus
576 1923 781 2008 'antiquitatis
796 1924 1019 2007 scriptoribus,
1043 1925 1100 1990 sed
1118 1923 1285 2009 aliquanto

179 2041 290 2096 tomen
318 2032 426 2110 majus
453 2037 489 2094 et
507 2031 648 2113 pravius
676 2033 709 2096 in
734 2033 784 2095 his
809 2033 904 2099 libris
923 2034 1060 2101 videtur.
1105 2033 1286 2100 Commune
1366 2081 1368 2085 ,
1430 2011 1433 2020 ,

176 2139 247 2204 dixi
269 2139 331 2203 bno
353 2159 428 2204 esse
443 2139 686 2204 ¹incommodum
702 2140 969 2207 Aristotelicum
992 2143 1125 2228 reliquis
1148 2145 1286 2228 scripto·-

176 2249 284 2332 r‘ibus,
305 2269 446 2332 *quornm
475 2249 550 2315 libri
578 2253 719 2314 aetutem
750 2249 913 2332 tulerunt,
946 2251 1104 2336 siquidem
1121 2257 1214 2336 cuod
1241 2256 1284 2318 de

178 2358 337 2442 singulari
359 2362 497 2444 quodum
519 2359 595 2428 fato
612 2359 766 2424 librorum
781 2357 1066 2425 Aristotelicorum
1086 2361 1282 2446 accepimus,

177 2471 263 2553 quod
283 2489 412 2535 omnem
436 2491 527 2556 spem
550 2469 602 2535 vel
625 2470 800 2536 accedendi
822 2472 868 2534 ari.
886 2470 1062 2553 genuinum
1085 2492 1197 2556 eorum
1219 2473 1284 2535 lor·
1384 2551 1386 2556 Ι

176 2599 265 2642 mam
288 2596 422 2662 prorsus
443 2581 622 2663 eximeret,
649 2581 697 2643 ita
723 2587 775 2645 est
801 2579 970 2664 explosum
993 2603 1014 2646 a
1036 2580 1114 2646 viris
1136 2582 1283 2646 doetissi-

175 2687 258 2771 mis,
285 2693 323 2750 nt
349 2708 415 2751 non
444 2689 592 2754 debuerit
618 2711 723 2773 nuper
749 2690 937 2776 conquisitis
963 2697 1088 2754 temero
1110 2691 1283 2756 levissimis

177 2797 360 2860 rationibus
380 2798 514 2862 restitui
522 2800 572 2883 1).·
592 2797 713 2872 Quae
720 2807 829 2865 autom
845 2801 1034 2864 corrununis
1052 2801 1114 2866 luit
1134 2802 1283 2868 omnibus

174 2906 397 2990 scriptoribus
418 2908 581 2994 fortmin,
595 2929 635 2972 ea
655 2909 791 2992 gravius
816 2909 1061 2992 detrimentum,
1089 2907 1183 2996 quam
1204 2913 1282 2978 aliis

176 3016 313 3101 multia?
322 3017 515 3084 Aristotelis
533 3017 627 3084 libris
645 3041 687 3084 ac
708 3019 883 3105 praecipue
897 3021 1281 3106 metaphysicisvidetur

175 3125 342 3208 attulisse3
369 3128 530 3192 nimirumv
548 3149 611 3216 quo
638 3130 714 3217 quid
742 3130 904 3194 difficilius
929 3137 1004 3194 orat
1029 3133 1071 3195 ad
1095 3131 1281 3216 intelligen-

175 3237 271 3321 du'm,
290 3239 595 3322 suprauiueret
616 3241 789 3306 errandum
810 3241 964 3306 librarios
984 3241 1087 3308 fuisso
1109 3249 1280 3308 consenta-

174 3359 272 3411 neum
295 3353 356 3412 ost.
388 3365 398 3372 '⁴
426 3363 472 3396 -’
558 3367 563 3375 ’
865 3361 869 3371 “

173 3558 378 3571 ——n-

189 3695 192 3704 ’
242 3695 270 3763 1)
288 3678 775 3756 neuturumnoussmadbtraums
787 3703 825 3750 *et'
832 3687 968 3752 Plutarchi
981 3685 1159 3751 nnuutionem
1178 3692 1276 3752 Brun·

173 3781 236 3847 uir,
255 3779 671 3852 Rbeiotlmbtmtow-paae
688 3784 762 3847 2523
772 3780 998 3850 lupam-‘-
965 3781 1195 3853 -ἫὲὓθΚοιι
1213 3783 1277 3846 ibid

173 3863 227 3934 lll,
224 3871 277 3931 J,
295 3883 320 3936 p.
337 3871 409 3923 93—
415 3869 478 3931 1011,
501 3863 835 3942 StabrArisrot113p.
854 3869 975 3934 1-21663
994 3865 1135 3920 defendere
1159 3865 1277 3939 suscepit

173 3925 302 4015 Glaser,
317 3949 362 4010 dio
381 3936 551 4018 llletapbysik
575 3949 623 4016 des
640 3933 806 4017 Aristoteles
823 3947 892 4002 nach
901 3907 1105 4041 Composition',
1117 3949 1206 4007 luhalt
1223 3951 1275 4005 und

172 4019 421 4102 usmete-'pa
427 4035 490 4089 18
566 4029 595 4062 ¹³
673 4044 764 4062 ·
863 4057 891 4064 ’··
1229 4061 1232 4067 ·
