2906 4500
1208 257 1230 324 9

131 429 304 496 admodum
332 431 433 494 denso
460 432 495 492 ot
522 424 656 491 oonoiso
679 430 715 490 et
736 427 872 509 propter
898 423 1004 509 ipsam
1032 418 1232 490 brevitatem

11 553 12 558 ’
132 544 283 626 obscuro,
309 533 565 604 fieri··fooiilime
585 535 707 621 potnit,
733 540 769 598 ut
794 532 921 598 iibrorii
941 553 1006 598 non
1029 535 1112 600 sotis
1139 533 1234 600 iutel-

131 651 226 718 ieotis
245 649 415 736 scriptoris
441 647 550 714 verbis
579 651 731 712 errorent
746 645 790 708 -in
819 642 1055 726 distinguendis
1082 644 1234 710 enunoiu·

131 763 254 827 tionum
283 757 454 842 membris,
484 779 525 822 uo
550 757 693 824 uicissim
728 755 780 819 his
806 754 973 821 erroribus
1003 756 1109 841 mugio
1135 774 1234 840 quom

128 871 225 937 niibi.
242 865 408 936 sententio
434 867 603 952 seriptoris
622 865 758 930 turbato
785 871 837 931 est
858 872 892 933 et
919 867 1111 946 obsourotu3
1132 880 1235 952 quere

132 982 216 1068 quod
238 975 437 1044 Aristoteles
459 979 499 1040 de
515 973 684 1038 Hornoiito
707 975 784 1040 dicit
805 976 846 1040 τοὶ
866 981 926 1041 τοῦ
940 977 1146 1063 Ἡρακλείτου
1167 977 1236 1040 δια-

101 1170 102 1173 Ὶ
133 1096 236 1168 netem
256 1087 348 1170 ἔργον
369 1084 481 1166 (noer.
501 1081 565 1162 ΙΙΙ,
587 1083 651 1166 fu),
678 1082 762 1146 huod
785 1086 895 1169 inepte
913 1089 957 1152 od
974 1087 1087 1170 ipsum
1110 1085 1237 1150 Aristo-

10 1213 11 1216 ’
135 1197 233 1265 telem
260 1193 453 1261 transferas.
505 1192 557 1258 Ao
582 1191 756 1278 penuultis
784 1193 914 1278 quidem
941 1194 1022 1260 iocis
1050 1195 1235 1280 Redimus,

135 1311 230 1372 modo
252 1305 382 1370 subluto
404 1305 499 1370 modo
520 1309 646 1367 mutatu
668 1302 809 1388 priorum
827 1302 1003 1366 editionum
1019 1305 1237 1390 distinotioue,

134 1418 244 1484 verbis
265 1413 457 1480 Aristotelis
476 1431 570 1477 ¹sunm
594 1412 741 1477 ordinem
764 1433 920 1498 suumque
936 1431 1067 1476 noenum
1084 1413 1238 1504 restitnit,

137 1529 196 1592 sed
222 1531 352 1592 restant
379 1523 566 1588 etiamnuno
591 1523 676 1588 ireud
703 1522 796 1608 puuoi
826 1521 859 1587 in
881 1523 974 1589 libris
995 1522 1239 1608 metaphysiois,

114 1616 189 1722 ‘qni
212 1637 274 1700 heo
296 1633 465 1700 leuissima
485 1633 613 1698 ratione
634 1632 804 1697 veruendnri
827 1633 962 1718 possint.

221 1753 261 1821 Β,
281 1753 312 1816 ti·
334 1767 365 1831 p.
389 1745 569 1826 10021133,
600 1741 758 1828 34..(Βι’.
782 1750 842 1828 60,
871 1744 919 1827 5.)
941 1746 1089 1824 σύνεγγυς
1111 1744 1148 1809 δὲ
1168 1745 1241 1810 rods

138 1876 201 1919 οων
226 1855 290 1919 ἐστὶ
314 1855 350 1919 τὸ
378 1854 572 1939 διαπορῆσαι
597 1855 732 1938 πότερον
760 1854 895 1934 δυνάμει
916 1854 979 1914 ἐστὶ
998 1853 1040 1916 τοὶ
1065 1865 1200 1934 στοιχεῖα
1212 1858 1242 1940 ἢ

10 1973 14 2048 ζ
138 1962 193 2030 τίν’
215 1967 322 2049 ἕτερον
343 1963 470 2049 τρόπον.
507 1965 537 2027 εἰ
555 1967 614 2047 μὲν
635 1962 695 2045 γὰρ
712 1961 823 2036 ἄλλοις,
844 1963 912 2036 πῶς
932 1962 1085 2047 πρότερόν
1105 1985 1135 2026 τι
1155 1963 1244 2028 ἔσται

139 2079 203 2140 τοῖν
223 2072 329 2158 ἀρχῶν
350 2073 440 2136 ἄλλο.
469 2105 510 2118 --
529 2067 669 2142 Quaerit
689 2068 888 2136 Aristoteles
910 2077 1018 2136 utrum
1046 2072 1153 2158 prime
1175 2094 1243 2137 om.

140 2183 228 2246 nium
250 2201 360 2244 rerum
382 2177 544 2244 elementa
566 2181 713 2264 potentie
735 2202 809 2246 esso
830 2185 995 2248 censendo
1017 2183 1094 2268 sint,
1117 2203 1158 2252 on
1177 2183 1242 2247 elio

140 2293 247 2358 medor
285 2287 470 2374 significari
492 2311 551 2374 per
571 2290 657 2355 huno
678 2294 784 2377 ἕτερον
795 2293 914 2378 τρόπον
934 2300 1055 2376 ootum,
1078 2293 1243 2377 ἐνέργειαν,

142 2410 176 2468 et
203 2423 222 2468 e
249 2387 414 2466 eoostooti
447 2400 562 2465 horum
596 2401 763 2464 notionum
796 2401 1000 2484 oppositione
1034 2401 1244 2467 ruaniiestum

142 2517 210 2594 est,
242 2517 276 2575 et
297 2517 388 2576 reete
413 2511 455 2575 ab
477 2510 670 2576 Alexandro
692 2507 940 2593 Aphrodisiensi
969 2515 1159 2590 otiootutur3
1187 2515 1245 2578 sed

141 2621 328 2687 nniversam
349 2618 572 2704 qrroestionem
592 2616 791 2684 Aristoteles
812 2618 874 2684 hoo
896 2619 965 2684 loeo
980 2619 1028 2684 ito
1041 2621 1246 2706 perstringit,

144 2736 180 2796 ut
206 2752 268 2796 neo
296 2729 449 2795 distinete
475 2727 566 2792 ilium
593 2729 732 2794 aiterum
762 2730 892 2794 modum
923 2729 1076 2814 «definiet,
1110 2753 1171 2797 neo
1191 2733 1246 2819 qui

144 2840 187 2903 sit
208 2845 361 2924 quaerut3
388 2836 467 2904 illud
489 2859 587 2904 unum
610 2840 755 2926 quaerit,
781 2847 890 2904 utrum
917 2840 979 2906 hoe
1000 2863 1042 2906 en
1071 2841 1140 2906 iilo
1152 2847 1248 2910 modo
1382 2831 1385 2840 ¹

145 2949 310 3014 elementa
338 2969 412 3014 esse
439 2948 575 3014 dioeoda
601 2951 675 3015 sint.
724 2949 906 3034 Propterea
934 2971 997 3014 non
1029 2959 1080 3016 est
1106 2953 1248 3021 seriben-

145 3061 222 3126 duur
243 3059 265 3145 ἢ
284 3055 352 3124 etu’
373 3061 478 3144 ἕτερον
497 3061 630 3142 τρόπον,
652 3061 736 3145 qood
759 3066 849 3126 esset
871 3062 1078 3146 quaerentis,
1108 3063 1165 3126 sed
1189 3082 1249 3146 por

145 3189 326 3252 pronomen
351 3168 555 3251 indefinitum
576 3168 603 3256 ἦ
628 3168 695 3235 τιν’
725 3173 830 3256 ἕτερον
857 3173 984 3256 τρόπον.
1034 3172 1086 3237 lto
1113 3179 1148 3236 et
1169 3171 1250 3238 Ale-
1330 3234 1335 3244 ,

145 3281 273 3343 xonder
294 3276 400 3342 looum
422 3278 553 3344 exhibet
573 3279 595 3365 ἤ
615 3302 703 3344 τινα
724 3285 829 3367 ἕτερον
849 3282 969 3364 τρόπον
989 3283 1193 3367 1143de
1215 3290 1249 3348 ot

146 3383 324 3450 Bessnrion
351 3384 585 3467 interpretatur
614 3411 668 3452 om
688 3391 932 3476 alioquentem
953 3392 1062 3458 modo.
1094 3405 1138 3445 ’-
1170 3393 1249 3458 dnm

147 3494 317 3583 proposito
338 3494 389 3560 hir
410 3494 522 3561 uerbis
542 3497 730 3580 quaestione
755 3498 971 3583 Aristoteles,
999 3521 1081 3586 queo
1104 3511 1156 3568 est
1177 3507 1250 3586 ejus

148 3609 182 3672 iu
211 3605 307 3671 tertio
334 3606 418 3671 libro
446 3605 551 3690 ratio,
588 3605 764 3673 diuieotioe
787 3609 835 3674 ito
861 3610 895 3674 in
921 3618 1091 3698 utrumqne
1122 3621 1251 3696 portem

150 3717 305 3802 disputet,
327 3723 363 3780 ut
384 3719 533 3783 neutrum
549 3737 663 3783 verum
686 3739 772 3803 esse,
793 3739 854 3785 neo
876 3719 928 3786 vel
949 3725 1098 3806 potentie
1118 3725 1169 3792 vei
1186 3725 1251 3788 otio

150 3830 246 3894 modo
267 3827 432 3892 elementa
454 3848 528 3893 esse
549 3849 647 3913 posse
662 3827 845 3897 videantur.
889 3831 939 3896 Αο
960 3833 1099 3919 primum
1122 3833 1253 3920 quidem

151 3959 194 4004 eu
222 3958 288 4001 nou
316 3938 380 4002 ulio
407 3940 501 4002 modo
531 3959 730 4026 essmposse
758 3943 969 4009 demonstret.
1012 3945 1056 4006 Ei
1081 3943 1113 4006 δ’
1141 3941 1253 4019 ἄλλοις,

152 4051 220 4125 πῶς
240 4047 392 4134 πρότερόν
412 4071 444 4113 ιι
463 4048 550 4116 ἔσται
570 4053 634 4116 oto
654 4048 761 4135 ἀρχῶν
781 4051 875 4130 ἄλλος
903 4051 1024 4135 Atqui
1045 4051 1093 4116 ita
1113 4051 1254 4136 quaerit,
