2898 4494
573 1322 933 1406 Additamentum.

203 1477 284 1544 Looi
310 1483 595 1554 commentariorum
621 1480 660 1550 ed
686 1479 896 1570 metaphysica
921 1476 1111 1545 Graecorum
1137 1479 1299 1550 emendati.

203 1847 363 1968 Graeeos
375 1892 642 1972 ‘metaphysieorum
662 1899 902 1958 commentatores
922 1912 974 1971 per
993 1903 1102 1954 ornnem
1121 1896 1196 1956 bane
1209 1891 1300 1970 dispu-

202 1985 341 2042 tationem
361 1987 537 2048 eertiosimos
556 1988 704 2047 habuimus
718 1991 781 2050 viae
795 1991 883 2050 duees
897 2007 931 2050 aa
945 1989 1072 2057 comites,
1087 2007 1203 2068 quorum
1216 1989 1302 2052 modu
1319 2023 1326 2033 =

203 2079 442 2154 interpretatione
462 2080 498 2137 ud
518 2081 705 2142 inveniendas
730 2083 813 2142 modo
841 2083 1014 2144 auctoritato
1034 2082 1071 2142 ad
1091 2082 1300 2156 confirmandas

203 2169 387 2248 conjecturas
407 2183 560 2236 uteremur.
588 2175 687 2252 ltaque
709 2195 792 2252 quum
806 2176 896 2256 longe
910 2176 1061 2238 maximam
1074 2177 1301 2236 emendationum

202 2271 312 2342 partem
337 2264 396 2326 illis
422 2273 569 2344 aeeeptarn
593 2266 765 2338 referamus,
796 2288 917 2346 aequum
948 2269 1080 2330 videatur
1111 2269 1146 2326 ad
1176 2270 1301 2346 ipsorum

203 2358 288 2424 etiam
308 2365 419 2417 textum
440 2359 644 2420 emendandum
663 2361 787 2441 aliquem
807 2359 930 2420 fructum
950 2381 988 2420 ex
1008 2362 1063 2419 hae
1088 2381 1176 2439 opera
1201 2363 1301 2421 redum

204 2451 287 2522 dare,
318 2473 410 2534 neque
435 2454 658 2532 improbabitur,
690 2455 714 2514 si
740 2456 851 2535 aliquot
879 2453 1143 2519 commentariorum
1173 2461 1301 2515 veterum

203 2546 299 2616 loeas,
326 2565 445 2626 quorum
469 2549 697 2616 emendationem
721 2551 799 2608 inter
819 2549 976 2629 legendum
1001 2547 1231 2624 inveniebamus,
1264 2549 1301 2608 ad

202 2640 358 2720 genuinam
378 2639 498 2702 formam
519 2643 673 2704 restituere
694 2643 909 2704 tentaverimus.
956 2643 1113 2703 Corollarii
1137 2643 1203 2702 loeo
1228 2644 1301 2702 bueo

203 2733 290 2811 adjici
316 2735 400 2811 aequi
425 2735 511 2794 velim
531 2735 647 2811 judiees
672 2737 865 2808 meminerint3
896 2755 959 2794 nam
985 2736 1010 2795 si
1035 2737 1098 2815 quis
1129 2737 1300 2814 peculiarem

204 2847 318 2904 operam
339 2827 368 2892 in
389 2826 567 2886 restituendo
588 2839 617 2889 et
637 2831 810 2906 expoliendo
824 2832 923 2888 borum
938 2830 1202 2894 commentariorum
1217 2836 1300 2889 textu

203 2920 348 2998 posuerit,
375 2927 406 2976 ut
427 2921 473 3001 qui
495 2942 569 2981 nune
589 2923 706 3000 primum
727 2944 743 2982 e
763 2921 848 2983 libris
866 2924 1067 3001 manuscriptis
1087 2923 1156 2984 editi
1177 2923 1249 2993 sint,
1270 2930 1300 2982 et

202 3013 291 3076 multa
316 3013 413 3091 plores
439 3015 496 3074 looi
522 3017 666 3076 tractandi
692 3023 722 3076 et
746 3017 821 3076 barud
846 3031 912 3078 raro
932 3017 1070 3097 graviore
1090 3016 1202 3074 medela
1221 3017 1299 3074 uten-

203 3109 268 3166 dum
289 3108 352 3173 erit,
396 3109 506 3178 Quibus
526 3118 620 3178 antem
640 3111 799 3175 rationibus
824 3111 853 3170 in
880 3109 1003 3190 singulis
1023 3111 1096 3173 loeis
1117 3108 1299 3172 emendandis
1349 3155 1361 3180 ,

204 3201 281 3259 ducti
302 3201 404 3272 simus,
431 3200 518 3268 facile
543 3205 683 3267 divinabit
707 3205 755 3282 qui¹
775 3225 871 3263 eorum
891 3211 1059 3265 contextum
1080 3203 1237 3284 diligenter
1256 3209 1298 3264 at·¹

203 3295 329 3354 tenderit
350 3302 380 3353 et
401 3315 451 3353 eos
472 3299 563 3370 lacos,
586 3317 657 3377 quos
677 3296 864 3367 adhibuimus,
886 3298 1104 3375 comparaverit,

279 3433 307 3500 pt
327 3421 457 3484 baama.
500 3418 542 3495 αἷς
566 3425 623 3502 γάρ
648 3420 706 3484 iove
730 3424 766 3490 ati
791 3425 873 3486 noorai
892 3426 926 3486 vd
946 3421 995 3484 ivri
1013 3427 1073 3495 τοῖς
1091 3425 1168 3484 καθ’Ι
1183 3425 1299 3498 deeora,

203 3507 250 3577 alu
268 3516 372 3574 norveia
395 3513 426 3572 ui
445 3511 518 3577 ἰδέαν
521 3561 533 3588 ,
558 3518 655 3590 εἴησαν
679 3516 713 3576 ἂν
733 3527 796 3578 κατ’
815 3516 919 3588 adserit
938 3517 1025 3584 αἰτίαν
1043 3519 1095 3573 τοῦ
1113 3513 1187 3580 εἷναί
1202 3539 1232 3576 τε
1250 3521 1300 3576 καὶ

202 3609 367 3685 γίγνεσθαι.
406 3607 426 3668 l.
446 3610 513 3666 ταῖν
531 3611 636 3668 κοινῶν
654 3609 685 3677 ot
702 3608 778 3674 ἰδέαν
797 3609 842 3692 [,]
863 3610 960 3681 εἴησαν
979 3609 1014 3666 ἂν
1033 3628 1061 3665 ν.
1075 3629 1104 3668 α.
1125 3610 1221 3669 αἰτίαν.
1261 3607 1300 3684 cf,

203 3701 273 3764 aaa.
296 3702 354 3769 suiv
379 3699 437 3780 γὰρ
468 3706 572 3772 νοννῶν
595 3705 651 3773 τῶν
675 3700 725 3772 ἐπὸ
746 3707 807 3774 τοῖς
832 3701 909 3764 aad*
930 3699 1037 3762 ἕκαστα
1060 3699 1148 3762 αἰτίαν
1171 3700 1203 3761 ol
1225 3698 1300 3767 tutor

202 3801 266 3862 ναν
284 3797 399 3865 αὐτούς,
1052 3856 1055 3860 .

278 3907 304 3962 p.
324 3887 438 3949 uaeas.
477 3891 512 3945 od
537 3890 597 3958 ταῖς
615 3889 693 3952 καθ’
708 3887 815 3946 ἕκαστα
839 3887 961 3961 ἀτόμοις
979 3919 1033 3958 -,
1059 3886 1138 3946 atta
1157 3891 1218 3961 ταῖς
1235 3889 1321 3947 erc*

19 4003 20 4008 ¹
123 4030 126 4035 ,
202 3979 300 4050 αὐτοῖς
319 3976 434 4040 εἴδεσιν.
466 3980 486 4048 l,
499 3976 556 4040 ἐπ’
575 3981 682 4062 αὐτοῖς.
702 3977 740 4051 af,
754 3979 783 4047 lv
800 3976 860 4040 ivri
877 3979 1010 4051 πολλῶν,
1031 3979 1077 4042 vel
1094 3982 1123 4052 ἓν
1140 3977 1201 4051 tvai
1219 3983 1299 4051 vrai-

203 4070 266 4141 λσῒς
285 4071 398 4154 passim,
