2898 4494
208 251 271 320 ΙἏ

206 437 290 504 queo
311 433 396 482 nunc
418 416 547 482 suntin
571 417 779 502 editionibus,
801 419 830 482 el
850 421 953 504 κεθάη
976 418 1010 484 od
1033 429 1106 486 AB.
1129 456 1170 470 -
1193 418 1257 486 Sed
1275 422 1308 485 iu

204 527 364 614 proximis
385 527 495 594 verbis
523 533 629 593 restat
651 531 757 611 major
780 528 966 595 difficultas.
1009 529 1063 594 lta
1090 529 1175 594 onim
1205 530 1308 617 philo-

207 639 328 724 sophus
350 638 539 704 rotiociueri
562 640 686 722 pergit:
715 634 785 704 ἀλλ’
812 639 852 726 ἧν
878 638 1052 712 ἀὸζύνανον.
1095 640 1178 704 Erat
1199 651 1309 707 autem

206 757 238 816 B
259 749 471 835 impossibile,
494 751 515 815 i.
531 769 559 816 e.
582 745 765 836 ponebatur
787 748 986 836 impossibile
1002 771 1087 834 esse,
1109 771 1172 818 uon
1189 751 1221 814 in
1238 753 1311 836 ipse

205 860 442 944 propositione,
466 859 579 924 sedin
602 859 761 948 principio
784 860 1072 925 demonstrationis
1095 862 1308 946 epagogicae.

205 968 284 1034 ἔστω
314 971 353 1056 δὴ
370 969 552 1035 ἀδύνατον.
601 968 682 1034 Esto
709 969 809 1054 igitur
836 979 868 1035 B
894 970 1113 1056 impossibile,
1141 972 1310 1036 videmnus

205 1080 281 1166 quid
308 1080 384 1143 iude
411 1073 658 1144 consecuturum
688 1081 740 1147 sit.
770 1082 800 1145 ei
824 1080 864 1166 δὴ
892 1079 1057 1144 ἀθάνατον
1083 1081 1204 1167 ἀνάγκη
1230 1083 1311 1146 εἶναι

205 1188 242 1254 νδ
265 1193 307 1264 A,
330 1185 452 1274 ἀνάγκη
473 1194 526 1254 καὶ
547 1191 584 1256 ad
605 1198 637 1255 B
660 1193 751 1254 εἶναι.
794 1187 889 1252 Haec
918 1208 997 1253 vero
1025 1191 1129 1253 verba
1151 1193 1310 1276 quomodo

205 1298 392 1384 intelliges,
419 1299 544 1364 frustra
569 1300 623 1366 vel
650 1306 781 1366 veteres
803 1305 1078 1363 commentatores
1111 1299 1166 1365 vel
1199 1323 1311 1365 receu-

206 1410 308 1476 tiores
329 1410 526 1493 interpretes
548 1409 716 1490 consciae,
739 1407 934 1492 Sylburgius
954 1416 1044 1474 certe
1066 1408 1251 1494 confitetur,
1273 1433 1311 1476 sc

198 1525 248 1586 'ee
269 1541 332 1583 non
356 1520 559 1602 intelligere,
587 1522 670 1604 quod
695 1520 788 1583 dicit:
819 1523 992 1583 sententia
1018 1523 1059 1584 e'a
1081 1519 1311 1586 Bessorioair

207 1649 374 1716 quoque
395 1630 558 1692 versione
580 1627 728 1694 obseura
749 1642 808 1697 ert.
849 1628 987 1695 Videtur
1002 1633 1112 1693 tannen
1129 1632 1309 1697 mutatione

206 1739 294 1806 haud
315 1739 364 1802 ita
385 1759 508 1822 magna
529 1739 637 1804 verbio
660 1746 756 1823 aptus
778 1759 894 1804 sensus
916 1739 1046 1806 restitui
1060 1762 1168 1826 posse.
1202 1737 1309 1812 Quum

206 1851 293 1917 euim
316 1871 337 1912 a
359 1848 521 1936 particula
542 1849 583 1935 δή
604 1848 788 1915 enuncietio
811 1849 969 1934 ordiatur,
992 1849 1022 1914 id
1040 1851 1159 1915 resumi
1174 1871 1309 1914 consen·

206 1968 340 2026 teneam
377 1967 450 2044 est,
484 1963 569 2047 quod
602 1968 702 2026 antea
731 1961 801 2040 jam
834 1959 957 2024 dictum
991 1981 1031 2025 ec
1062 1961 1309 2046 comprobatum

206 2078 278 2138 erat
291 2071 336 2154 1)’;
355 2070 427 2149 jam
443 2091 538 2154 quum
555 2073 731 2134 entocedat
752 2070 792 2155 ἦν
814 2069 978 2136 ἀδύνατον
999 2093 1042 2136 sc.
1059 2069 1095 2135 sd
1114 2079 1154 2147 B,
1176 2070 1254 2134 doro
1270 2070 1310 2156 dd

207 2181 374 2248 ἀδύνατον
389 2200 433 2244 so.
449 2178 484 2243 ed
499 2187 538 2255 B,
561 2201 626 2242 nou
642 2187 815 2265 exspectes
831 2181 891 2245 diei
915 2183 944 2245 si
965 2181 1004 2266 δὴ
1026 2179 1190 2245 ἀδύνατον
1210 2218 1253 2230 -
1274 2181 1318 2246 ed·

205 2296 248 2368 A,
271 2292 327 2355 sed
352 2290 381 2354 el
402 2289 441 2374 δὴ
462 2288 627 2354 ἀδύνατον
647 2331 690 2345 -
717 2289 754 2356 ed
775 2298 816 2356 B.
858 2289 986 2356 Deinde
1015 2291 1043 2355 si
1071 2290 1311 2373 cornparaveri·

206 2421 281 2466 mus
303 2421 377 2466 eam
400 2399 677 2487 enunciationem,
699 2423 783 2488 quae
799 2399 947 2485 proximo
970 2400 1175 2486 subsequitur
1190 2399 1257 2465 ἀλλ’
1271 2399 1311 2486 ἦν

207 2513 273 2598 ἀρά
295 2509 331 2576 cd
353 2515 387 2576 A
410 2510 698 2599 concedamque
720 2518 755 2579 A
781 2525 863 2576 erat
882 2511 1068 2598 possibile,
1096 2510 1310 2594 intelligimus

207 2628 308 2686 autea
330 2623 587 2684 demonstratum
610 2642 696 2707 esse,
723 2629 758 2687 A
780 2643 855 2689 esse
876 2622 1088 2708 impossibdc,
1115 2620 1165 2684 cui
1182 2621 1311 2706 quidem

206 2730 392 2798 sententiae
420 2736 602 2814 opponatur
629 2731 696 2796 ἀλλ’
722 2731 763 2819 η”ν
788 2731 826 2804 τά
853 2737 888 2795 A
917 2733 1071 2810 docuerim
1104 2731 1213 2816 itaque
1246 2753 1311 2795 nou

207 2839 240 2904 iu
263 2828 416 2924 protasi,
436 2842 493 2904 sed
522 2839 555 2902 in
584 2841 720 2926 epodosi
750 2842 928 2926 superioris
956 2841 1118 2906 enunciati
1148 2841 1310 2905 contineri

207 2971 357 3034 censeas,
379 2955 415 3013 ut
437 2956 472 3015 A
494 2951 696 3034 impossibile
718 2951 854 3043 dicatur.
898 2951 992 3018 Haec
1013 2951 1041 3015 si
1064 2959 1153 3017 recto
1176 2952 1309 3034 collegi·

207 3082 302 3145 mus,
323 3059 528 3126 scribendum
551 3061 681 3126 videtur
709 3064 917 3149 transpositis
944 3068 979 3126 A
1013 3069 1047 3126 et
1073 3071 1105 3127 B
1126 3069 1160 3126 et
1180 3061 1309 3125 nomine

207 3171 330 3256 ἀνάγκη
358 3174 482 3252 ejecto:
502 3173 532 3234 εἰ
552 3171 592 3257 δη
617 3171 782 3236 ἀδύνατον
802 3172 839 3236 ad
860 3181 899 3248 B,
930 3171 1051 3258 ἀνάγκη
1078 3178 1131 3236 καὶ
1156 3170 1191 3237 τὸ
1213 3175 1245 3236 A
1267 3170 1312 3233 st-

206 3301 271 3356 ναι,
294 3301 339 3347 sc.
362 3279 536 3347 ἀδύνατον.
585 3280 622 3345 si
649 3303 730 3347 vero
752 3281 953 3365 impossibile
977 3291 1028 3348 ost
1049 3291 1098 3367 B,
1126 3280 1312 3346 necessario

208 3391 307 3458 etiem
330 3396 365 3455 A
386 3392 449 3455 erit
469 3391 680 3476 impossibile.
724 3390 873 3458 Positum
896 3400 1005 3458 antem
1028 3399 1079 3456 est
1100 3399 1134 3456 A
1156 3391 1313 3476 possibile

208 3521 296 3585 esse,
317 3500 473 3583 possibile
494 3500 594 3586 igitur
620 3501 718 3566 etiam
741 3511 781 3569 B.
809 3489 854 3557 ἷ-
880 3504 935 3566 lta
961 3509 1052 3568 recto
1080 3507 1114 3564 ct
1140 3499 1311 3586 perspicuo

208 3610 443 3676 demonstratio
482 3611 684 3697 propositum
716 3613 814 3676 finem
846 3611 1053 3695 adsequitur,
1093 3617 1128 3674 et
1158 3609 1313 3672 univorsa

208 3719 420 3786 retiooiuetio
443 3719 495 3784 his
515 3723 627 3788 verbis
650 3721 853 3789 concluditur
881 3723 924 3786 ἀν
954 3722 1019 3808 ἀρα
1046 3721 1065 3816 ᾗ
1093 3721 1128 3785 τὸ
1154 3721 1189 3787 A
1210 3718 1313 3785 dovor-

208 3871 406 3883 ...-...--·--

277 3956 561 4045 omnnem
