2898 4494
1224 257 1265 328 71

170 423 309 510 primum
332 443 406 488 eam
427 422 604 506 notionem,
626 442 708 508 quae
731 422 778 486 rei
802 427 952 490 naturam
972 421 1150 510 exprimat,
1171 414 1190 490 o‘
1211 420 1268 509 ld-

157 557 224 616 Ιγας
245 528 265 598 ὅ
287 537 344 598 τοῦ
363 536 392 596 et
412 531 452 618 ἦν
472 533 561 608 εἶναι,
582 532 698 598 deinde
719 535 792 615 ejus
813 533 955 598 notionis
975 553 1111 617 genera,
1133 529 1267 616 mrem,

170 643 192 710 i.
215 665 244 708 e.
264 665 322 710 eas
343 641 511 727 notiones,
538 643 651 728 quihus
670 643 744 728 ipsa
766 644 1069 727 subordinatum,
1090 648 1159 706 tum
1181 641 1267 722 ejus-

172 753 242 818 dem
266 752 407 826 notionis
428 756 485 816 aori
504 756 534 817 τί
554 752 594 841 ἢν
614 756 697 821 εἶναι
719 763 844 841 partes,
865 755 906 820 τὰ
926 757 1000 840 μέρη
1014 753 1054 816 τὰ
1069 751 1103 818 ἐν
1117 756 1161 842 τῷ
1174 751 1267 840 λα’γῳ.

168 862 255 930 Huio
275 884 354 931 varo
376 863 543 946 partitioni
565 885 700 934 caussae
715 865 863 931 formalia
877 863 1063 949 exemplum
1077 862 1266 950 interponit,

168 996 231 1060 quo
253 973 343 1036 notio
366 953 591 1040 substantialis
618 975 751 1058 ejusque
771 997 876 1058 genus
898 974 1098 1057 illustretur,
1122 970 1190 1036 οἷον
1211 975 1269 1036 τοῦ

170 1085 226 1150 διὰ
247 1087 359 1148 πασῶν
379 1083 420 1146 τὰ
447 1082 507 1148 δύο
534 1082 612 1168 πρὸς
633 1088 668 1148 ἓν
693 1087 745 1147 καὶ
765 1083 845 1162 ὅλως
866 1076 886 1150 ὅ
907 1084 1053 1170 ἀριθμός.
1095 1078 1268 1148 Intemelii

90 1205 95 1212 '
170 1193 257 1260 anim
279 1193 434 1278 diapason
456 1193 546 1259 notio
567 1192 810 1260 snbstanstialis
829 1194 1009 1260 continetur
1024 1193 1056 1258 in
1072 1216 1113 1259 ea
1127 1193 1268 1274 ratione,

169 1325 254 1391 quae
276 1303 360 1368 inter
382 1325 479 1369 unum
502 1310 537 1370 et
558 1305 620 1370 duo
642 1303 829 1385 internodit3
859 1301 942 1368 haee
970 1310 1080 1367 autem
1106 1302 1191 1366 ratio
1213 1299 1268 1368 vel

168 1413 335 1507 proportio
357 1413 571 1480 subordinatur
590 1421 642 1480 est
663 1412 839 1478 universali
855 1411 980 1478 notioni
999 1411 1126 1478 numeri
1147 1445 1191 1456 -
1212 1411 1267 1474 ad-

169 1525 283 1590 verbio
311 1523 396 1590 euim
423 1523 504 1599 ὅλως
530 1523 600 1592 fero
627 1546 649 1590 a
670 1523 803 1612 speciali
831 1524 963 1592 notione
985 1525 1026 1588 ad
1050 1520 1267 1588 universalem

170 1634 337 1701 transiit⁸¹·-
362 1632 461 1712 (Μ
479 1642 573 1720 15.Ρ.
589 1635 747 1719 10201127,
762 1642 814 1708 30.
829 1642 867 1712 Ε,
885 1642 912 1707 1.
928 1656 959 1719 p.
977 1633 1113 1721 innuba,
1131 1638 1266 1706 ronana-

168 1750 204 1822 Z,
224 1751 256 1817 8.
278 1767 308 1832 p.
327 1745 494 1818 1033th
517 1745 560 1815 al.
576 1744 798 1815 Trendelenh.
820 1748 862 1810 ad
884 1744 986 1810 Arist.
1009 1747 1050 1808 de
1072 1764 1125 1806 an.
1146 1747 1266 1828 p.205.

168 1854 285 1942 ltaque
306 1856 388 1922 haee
408 1856 511 1924 verba
531 1855 599 1921 οἷον
623 1892 667 1905 -
688 1855 827 1940 ἀριθμός
851 1852 1022 1934 commatis
1050 1851 1199 1938 utrinque
1222 1851 1269 1915 di·

169 1967 365 2050 stinguonda
386 1973 481 2048 sunt,
501 1967 543 2040 of.
565 1967 646 2036 αδδ.
688 1963 870 2030 Praeterea
896 1983 955 2049 pro
982 1961 1023 2026 eoi
1048 1963 1168 2026 τούτων
1194 1962 1266 2046 γένος

168 2077 373 2140 scribendum
395 2081 447 2142 est
468 2075 508 2138 eol
529 2075 641 2140 τούτου
661 2077 744 2160 γένη,
765 2075 849 2161 quod
872 2073 904 2138 in
927 2071 1069 2161 metaph.
1093 2092 1175 2136 unus
1196 2071 1266 2136 eod.

170 2185 218 2270 Ε,
239 2184 280 2262 in,
295 2184 388 2270 phys.
410 2205 522 2250 ornnes
544 2184 714 2266 exhibant3
736 2206 812 2262 nam
836 2205 1012 2270 pronomen
1036 2178 1289 2249 ‹lemonatrati-'

168 2318 244 2364 rum
276 2294 392 2364 referri
424 2317 489 2360 non
517 2302 641 2382 potest,
676 2294 738 2359 nisi
766 2297 807 2360 ad
836 2293 853 2362 ὅ
881 2291 1017 2375 torosi
1049 2317 1075 2359 τ.
1096 2314 1123 2356 o.
1143 2316 1172 2377 η.
1194 2315 1219 2356 e.
1235 2285 1265 2376 ¹)

167 2407 250 2474 Inde
272 2404 355 2474 haeo'
374 2407 512 2473 exsistet
534 2405 696 2472 enunoiati
719 2404 931 2468 conformatio
959 2406 1053 2469 τοῦτο
1081 2401 1116 2466 δ’
1142 2397 1268 2468 ἐστὶνὸ

167 2519 260 2600 λόγος
287 2517 305 2584 ὅ
332 2523 391 2584 τοῦ
416 2521 445 2582 et
470 2515 510 2603 ἦν
536 2517 697 2578 εἶναικαὶ
723 2513 763 2578 τὰ
791 2514 905 2578 τούτου
931 2515 1016 2598 γένη,
1043 2510 1112 2577 οἷον
1132 2514 1190 2576 τοῦ
1211 2509 1267 2574 dani

167 2635 279 2694 πασῶν
299 2629 340 2694 ud
360 2628 420 2694 δύο
441 2626 521 2710 πρὸς
541 2627 576 2687 ἓν
596 2627 649 2688 καὶ
670 2622 750 2700 ὅλως
771 2620 790 2689 ὅ
812 2621 962 2710 ἀριθμός,
988 2627 1041 2686 καὶ
1068 2621 1106 2686 τὰ
1131 2624 1206 2708 μέρη
1227 2618 1267 2685 roi

76 2777 79 2784 ·
168 2738 204 2802 iv
224 2740 379 2830 τῷλόγῳ.
421 2734 647 2800 Distiuotionis
669 2742 703 2800 et
725 2734 1006 2820 interpretationis
1027 2739 1160 2798 nostrae
1182 2728 1266 2800 vari·

170 2855 270 2919 tatem
284 2846 466 2914 Alexandri
479 2845 655 2912 auotoritas
666 2846 862 2936 confirmare¹
870 2852 988 2931 potest.
1001 2867 1031 2931 p.
1042 2848 1266 2916 andala-15.

253 2957 333 3026 dam
360 2962 401 3024 ad
429 2957 534 3044 ipsam
560 2945 740 3046 scripturae
771 2956 1020 3042 discrepantiam
1028 3003 1040 3040 ,
1072 2975 1155 3039 quaa
1180 2953 1267 3034 inter

167 3069 303 3156 physion
324 3078 359 3138 et
380 3067 605 3154 metaphysica
625 3051 815 3150 intercedit,
838 3065 1063 3132 exorrtiendain
1087 3069 1121 3130 et
1143 3062 1267 3130 exami-

167 3185 309 3246 nandam
330 3172 543 3248 aoeedamua'
577 3179 657 3247 Met.
672 3201 704 3264 p.
721 3179 868 3252 1013b9.
891 3174 963 3264 (ur.
977 3181 1033 3260 88,
1048 3174 1113 3260 17.)
1134 3178 1187 3238 καὶ
1207 3171 1269 3238 ἆλ-

168 3290 269 3375 ilion
290 3293 385 3364 aima,
407 3289 474 3354 οἷον
495 3291 531 3356 τὸ
552 3303 662 3357 πονεῖν
683 3295 735 3376 τῆς
756 3287 877 3368 εὐεξίας
897 3291 950 3352 καὶ
970 3287 1050 3372 αὕτη
1070 3289 1127 3350 τοῦ
1147 3295 1266 3350 πονεῖν.

169 3399 268 3482 Phys.
284 3421 315 3486 p.
333 3403 458 3470 lesos.
500 3396 564 3460 ἔστι
585 3398 706 3464 arctoa
727 3397 935 3486 καὶάλλήλων
956 3401 1043 3463 αἴτια
1055 3395 1117 3462 κτλ
1150 3393 1265 3461 Lectio

41 3601 46 3608 ἰ
168 3509 463 3597 metaphysioorum
489 3526 555 3572 non
582 3514 633 3574 eat
661 3529 741 3574 sane
769 3507 945 3576 manifesta
972 3506 1058 3589 vitii3
1084 3505 1156 3573 fieri
1178 3503 1265 3572 enim

237 3833 264 3894 l)
281 3825 311 3879 Si
328 3823 436 3897 pluralia
452 3823 548 3878 τούτων
564 3821 716 3880 retinendus
733 3823 864 3890 videatur,
882 3824 1050 3878 distinetione
1067 3831 1167 3878 mutato
1185 3834 1265 3870 enun-

169 3907 247 3963 eiatio
266 3911 301 3964 ite
319 3919 361 3963 est
377 3909 547 3974 emendanda,
565 3915 594 3962 ut
609 3907 690 3963 rerba
708 3907 723 3962 ὅ
739 3910 818 3981 λόγος
834 3909 849 3962 ὅ
866 3927 886 3962 τ.
898 3928 920 3963 τ.
932 3931 954 3976 η.
966 3929 988 3962 ε.
1004 3909 1031 3962 ἰη
1050 3901 1201 3976 parenthesi
1219 3919 1264 3972 po-

169 4001 279 4048 nantur:
304 3993 332 4046 ri
348 3995 417 4050 aar
432 3995 481 4047 oroi
499 3992 527 4046 ni
549 3995 717 4073 παράδειγμα
738 3994 824 4065 (terito
841 3993 870 4050 δ’
890 3996 961 4050 ἐστὶν
977 3993 992 4046 ὁ
1006 3993 1086 4062 deiros
1101 3985 1116 4040 d
1134 3987 1178 4040 rori
1194 3991 1219 4042 ti
1234 3980 1267 4053 alu

167 4077 248 4150 thar)
265 4078 311 4134 nai
326 4075 359 4133 soi
374 4079 470 4136 τούτων
485 4079 555 4154 γένη.
