2898 4494
176 303 265 416 'Sed
292 351 383 416 nulls
408 349 567 434 ejusmodi
596 351 759 418 mentione
786 351 875 418 tectu
902 349 1092 438 simpliciter
1119 351 1230 416 locunt
1245 350 1297 414 his

197 459 305 527 verbis
332 462 584 546 interpretatur:
621 465 650 528 et
675 467 754 543 νοῦν
779 462 878 548 μηδὲν
906 468 970 528 τῦν
997 463 1102 528 ὄντων
1128 463 1210 546 ἔχειν
1230 485 1296 537 πως

193 569 428 655 ὑπολαμβάνει,
455 571 523 636 ἀλλ’
550 568 666 655 ὁμοίιος
692 575 791 636 οἴεταί
816 595 849 635 τε
873 578 925 635 καλ
945 572 1004 638 οῦκ
1025 577 1195 638 eteorum
1216 570 1296 637 ῦιτο-

196 681 350 765 λαμβάνει
370 689 423 746 καλ
444 681 502 766 erip
522 676 742 764 ὑπολαμβάνει
767 685 838 766 περὶ
863 679 1007 760 ἑκάστου,
1036 681 1054 750 ὃ
1076 688 1217 758 τοιοῦτος
1242 681 1298 746 οῦ·-

196 793 253 858 (liv
273 795 317 856 άν
338 791 485 880 διαφέροι
512 795 636 876 φυτοῦ
665 792 712 874 (n.
727 791 749 857 f.
772 790 909 877 φυτῦν),
931 793 1013 878 άπερ
1035 791 1113 858 οῦδὲ
1132 794 1215 868 ὅλας
1235 791 1299 874 ἔχει

195 901 251 986 τὴν
271 900 483 990 ἀνωληιιτικήν
503 900 641 984 δύναμιν
661 903 715 985 τῆς
735 908 848 992 ψυχῆς.
869 923 900 988 p,
923 903 1078 982 ffi5b31.3
1107 906 1219 993 eodem
1241 923 1298 968 vo.

195 1012 312 1078 cabulo
333 1015 439 1096 φυτοῦ
460 1009 509 1074 bis
537 1010 653 1076 ‹leiurle
681 1012 714 1074 in
744 1016 889 1092 ejosrlern
918 1015 965 1078 rei
996 1014 1217 1098 explicatione
1237 1011 1297 1078 uti-

194 1131 248 1188 tur
270 1143 300 1206 p.
322 1127 454 1192 eonas.
482 1127 610 1207 φυτοῦ
634 1122 694 1206 γάρ
721 1128 774 1184 καὶ
800 1129 893 1186 τοῦτο
919 1127 971 1184 καὶ
998 1120 1055 1184 οῦκ
1081 1124 1298 1210 ἀνθρώπουῆ

194 1231 273 1321 ζῴου
293 1232 428 1313 λογικοῦ.
457 1239 513 1302 etl.
546 1230 613 1296 ἀλλ’
634 1228 677 1305 ὦς
704 1241 842 1316 φυτοῖς
870 1229 933 1316 ζῆν.
985 1227 1066 1292 ΙοιΙο
1088 1232 1158 1294 veri
1181 1239 1233 1296 cst
1255 1235 1296 1294 ri·

195 1341 364 1410 ruillimurn
386 1343 428 1408 ab
449 1339 630 1408 Aristotele
651 1342 807 1428 scriptum
834 1339 934 1406 fuisse
961 1345 990 1406 ct
1015 1342 1058 1404 ἀν
1081 1339 1295 1425 διαφερόντως

195 1454 261 1536 ὄχοι
287 1459 350 1517 τῶν
375 1459 505 1536 φυτιῦν
532 1453 583 1518 vel
612 1457 674 1518 τάν
703 1477 744 1533 γε
776 1458 914 1537 φυτῦν.
963 1449 1048 1524 Quid
1077 1452 1162 1536 quorl
1191 1449 1295 1532 ipsunt

194 1559 410 1626 Aristotelem
439 1560 676 1624 emendationis
704 1569 837 1626 nostroe
863 1569 982 1628 testem
1004 1560 1159 1626 adhibere
1185 1581 1297 1644 possu-

193 1693 282 1754 mus3
304 1671 426 1736 etenim
448 1671 489 1736 de
511 1671 626 1734 eudem
649 1691 686 1734 re
707 1671 818 1755 paullo
840 1679 918 1736 ente
939 1693 971 1755 p.
997 1675 1163 1743 1006ο11.
1186 1671 1298 1736 scribit

195 1785 305 1869 ὅμοιος
326 1781 386 1864 γάρ
408 1785 513 1870 φυτῷ
535 1779 553 1846 ὁ
576 1785 718 1858 τοιοῦτος
738 1778 757 1872 ᾗ
779 1787 920 1858 τοιοῦτος
940 1781 1009 1867 ἤδη.

280 1891 346 1960 Ubi
369 1891 533 1978 exposuit,
554 1900 755 1979 quantopere
776 1891 800 1955 ii
822 1899 944 1974 errent,
966 1892 1019 1977 qui
1043 1891 1200 1976 principio
1222 1913 1297 1957 con·

195 2002 398 2070 trudietionis
419 2023 604 2085 repugnare
632 2003 854 2089 susceperint,
880 2022 1030 2067 caussam
1058 2002 1157 2068 etiarn
1185 2023 1225 2070 ac
1245 2023 1298 2066 ra·

196 2114 318 2178 tionem
340 2111 480 2197 quaerit,
503 2131 565 2195 qua
587 2111 620 2174 in
643 2133 717 2176 eurn
739 2133 884 2210 errorem
901 2113 1026 2199 ‹lelapsi
1043 2114 1124 2195 sint3
1147 2113 1297 2178 nimirum

197 2221 501 2308 conphilosophos,
524 2222 577 2306 qni
599 2207 689 2285 illem
713 2224 908 2290 sententium
932 2223 1076 2308 arnplexi
1101 2223 1181 2308 sint,
1204 2224 1299 2290 unice

196 2354 253 2400 res
274 2333 447 2400 sensibiles
468 2339 502 2398 et
524 2332 697 2397 mutationi
719 2332 877 2397 obnoxius
902 2341 1084 2416 spectasse,
1098 2355 1191 2421 ,quae
1206 2357 1299 2420 sene,

195 2467 293 2532 quum
321 2449 504 2528 mutentur,
530 2465 603 2510 curn
630 2443 739 2530 aliqua
766 2443 837 2508 veri
864 2444 973 2529 specie
1001 2465 1104 2528 neque
1137 2466 1210 2510 esse
1240 2468 1300 2512 ne-

197 2579 260 2644 que
289 2578 353 2622 non
383 2577 458 2622 esse
480 2554 542 2620 ilici
565 2554 716 2639 possint„
743 2550 830 2640 ἡμεῖς
858 2554 895 2618 δὲ
919 2559 972 2619 καλ
998 2554 1077 2639 πρὸς
1105 2555 1221 2622 τοῦτον
1244 2559 1300 2623 τὸν

197 2668 293 2748 λόγον
308 2652 441 2750 ἐροῦμεν
455 2667 504 2729 ὅτι
522 2665 557 2727 τὰ
579 2669 637 2746 μὲν
657 2661 855 2747 μεταβάλλον
876 2668 929 2730 ὅτε
948 2665 1136 2750 μεταβάλλει
1153 2667 1215 2749 ἔχει
1228 2669 1300 2732 τινά

197 2773 306 2850 αάτοῦς
326 2773 433 2860 ἀληθῆ
451 2775 546 2854 λόγον
566 2773 608 2859 μὴ
629 2777 754 2838 οἴεσθαι
775 2777 864 2842 εἶναι.
908 2781 1009 2842 καίτοι
1035 2775 1100 2841 ἔστι
1123 2803 1158 2858 γε
1182 2777 1297 2863 ἀμφισ·

198 2886 373 2970 βῄτήσιμον·
401 2886 437 2948 τό
463 2905 496 2947 τε
521 2884 581 2968 γάρ
609 2882 795 2967 ἀποβάλλον
817 2885 878 2967 ἔχει
899 2908 929 2949 τι
951 2891 1009 2952 τοῦ
1030 2886 1299 2972 ἀποβαλλομένου,

196 2999 251 3060 καὶ
270 3003 328 3060 τοῦ
347 2999 530 3078 γιγνομένου
558 2993 618 3080 ἤδη
644 2993 763 3079 ἀνάγκη
783 3019 814 3058 τι
835 2999 923 3062 εἶναι.
966 3002 999 3072 Γ,
1022 3005 1051 3068 ὅ.
1075 2969 1106 3084 p.
1130 3003 1294 3078 1010a18·

198 3105 268 3190 (er.
291 3109 346 3189 70,
370 3103 435 3189 15.)
478 3103 585 3178 Quum
613 3104 665 3168 his
691 3104 798 3170 verbis
826 3104 898 3190 ipso
924 3107 1060 3170 mutatio
1084 3107 1295 3190 describatur,

198 3214 254 3280 ubi
276 3217 410 3280 necdum
433 3214 540 3280 altera
562 3215 610 3281 rei
632 3221 750 3281 natura
771 3234 906 3300 prorsus
921 3217 1064 3304 evannit,
1087 3239 1183 3304 quarn
1201 3225 1299 3284 antee

182 3325 358 3409 μάταιοι,
380 3347 484 3412 neque
506 3325 614 3390 altera
631 3327 702 3406 jam
725 3324 873 3408 perfecta
890 3334 963 3412 cst,
986 3329 1029 3394 erl
1050 3349 1146 3413 quarn
1167 3329 1300 3413 transit,

199 3457 299 3519 aegre
326 3455 442 3500 careas
478 3436 510 3500 in
543 3437 651 3522 priore
685 3437 848 3503 ennneioti
882 3437 1026 3504 rnenrbro
1055 3457 1097 3500 ee
1124 3441 1298 3521 particule,

190 3554 283 3634 'quae
305 3545 488 3630 particulae
506 3547 566 3633 ἤδη
588 3545 621 3610 in
643 3545 749 3613 altero
771 3547 917 3614 membro
938 3547 1146 3630 respondeat,
1168 3546 1216 3614 ita
1229 3543 1298 3630 qui·

200 3660 273 3724 dem
295 3663 340 3730 ut¹
354 3657 557 3724 scribendum
580 3679 718 3725 censeas
739 3657 801 3739 ἔχει
822 3678 856 3719 τι
877 3653 933 3723 ἔτι
954 3659 1012 3720 τοῦ
1026 3653 1297 3738 ἀποβαλλομένου.

200 3769 310 3853 Atque
338 3767 420 3832 hano
446 3767 639 3851 perticulam
667 3767 736 3841 ἔτι,
769 3785 854 3849 quae
888 3773 1022 3852 propter
1053 3762 1297 3830 similitudinem

202 3879 369 3962 proximae
395 3876 531 3944 voenlee
558 3857 712 3941 lucilliine
734 3895 755 3938 a
776 3872 919 3941 librariis
945 3876 1050 3941 omitti
1079 3882 1226 3960 poteret,
1254 3875 1296 3940 ab

201 3986 381 4057 Aristotele
403 3991 565 4075 adjectam
588 3983 706 4070 luisse,
729 3983 910 4056 Alexandri
931 3986 1199 4074 interpretatione
1220 4005 1295 4074 pro·
