2906 4500
219 269 264 338 68

218 433 281 499 nisi
302 431 488 500 melioribus
509 431 671 502 codicibus
686 433 732 498 uti
749 433 841 498 nohis
856 432 1039 520 eontigerit,
1061 431 1114 498 vel
1130 431 1314 501 verosimile

219 545 375 631 divinari,
403 547 466 611 nisi
487 549 594 630 major
621 545 813 627 conjiciendi
841 547 977 612 audacia
1004 543 1204 612 admittatur.
1246 543 1316 610 Sed

219 665 395 743 antequam
417 655 540 744 aliquot
563 653 722 738 ejusmodi
745 655 834 720 locor
860 657 1071 742 attingamus,
1091 655 1143 743 qui
1162 656 1315 740 graviore

218 767 405 852 corruptela
432 767 581 833 laborare
601 766 768 851 violentur,
801 767 1120 853 circumspiciendum
1142 789 1218 831 uum
1241 767 1317 854 quid

218 899 261 942 ex
293 878 374 966 ipsis
406 877 496 942 libris
529 877 759 962 manuscriptis
796 881 837 943 ad
871 879 1106 945 emendandum
1127 878 1316 943 Aristotelis
1417 947 1418 950 Ἴ

218 995 345 1054 textum
367 994 558 1054 convertero
574 987 746 1074 possimus.
783 989 835 1056 Ac
849 989 997 1055 videntur
1018 1013 1099 1058 sane
1120 991 1153 1054 in
1175 988 1315 1056 editione

219 1097 429 1164 Bchkcriana
457 1098 563 1164 latere
591 1103 750 1188 quaedum
778 1099 921 1163 subsidia
948 1101 1079 1180 critico,
1109 1123 1192 1185 quae
1218 1121 1314 1186 quum

218 1208 287 1292 ipse
316 1208 421 1274 editor
449 1209 605 1276 adhibere
635 1214 676 1276 ad
704 1207 929 1293 expoliendum
962 1212 1090 1269 textum
1119 1209 1314 1290 dedignatus
1374 1218 1380 1232 ‘

218 1317 277 1403 sit,
305 1317 379 1384 aliis
407 1319 535 1387 videtur
561 1320 751 1409 permittere
779 1316 928 1384 voluisse.
970 1315 1100 1381 Etenim
1126 1321 1234 1379 notum
1259 1321 1311 1378 est
1422 1309 1423 1314 ’

217 1430 324 1496 inesse
352 1431 384 1493 in
412 1429 503 1494 libris
533 1430 761 1518 metaphysicis
787 1429 875 1496 locos
903 1428 1025 1515 aliquot
1050 1427 1139 1491 haud
1165 1426 1311 1509 exiguos,

216 1539 270 1623 qui
297 1538 345 1600 ita
371 1539 577 1603 consentiant
603 1563 676 1604 omn
704 1540 777 1602 aliis
805 1539 858 1604 vel
887 1540 1062 1604 eorundem
1085 1537 1239 1602 librorum
1261 1533 1315 1600 vel
1425 1554 1426 1580 1

217 1647 372 1732 physicae
393 1647 640 1713 auscultationis
661 1648 753 1732 locis,
777 1658 812 1713 ut
832 1649 972 1715 alterum
994 1671 1036 1712 ex
1058 1648 1161 1712 altero
1185 1649 1313 1711 desum·
1426 1638 1427 1658 ¹

217 1767 308 1846 ptum
331 1779 406 1824 esse
428 1764 604 1844 apparent3
626 1781 709 1845 quae
730 1759 814 1823 ratio
839 1759 1009 1823 intercedit
1029 1760 1117 1823 inter
1138 1757 1217 1824 Met.
1228 1768 1263 1833 A,
1284 1764 1316 1826 2.

218 1877 252 1935 et
273 1868 373 1953 Phys.
395 1868 440 1955 ll,
462 1878 509 1955 3.,
531 1877 565 1937 ct
591 1871 678 1935 inter
698 1869 779 1935 Met.
799 1874 841 1944 A,
860 1874 892 1940 8.
915 1876 949 1934 et
970 1877 1018 1945 M,
1039 1876 1154 1941 4—5.
1198 1867 1315 1932 Paullo

219 1979 317 2045 aliter
337 1981 499 2064 posterior
519 2003 599 2067 pars
614 1981 687 2045 libri
703 1981 744 2048 K
764 1981 1058 2067 metaphysioorum
1073 1980 1228 2045 cohaeret
1242 2001 1314 2043 eum
1430 1970 1431 1984 ¹

217 2091 310 2174 phys.
326 2089 373 2175 ll,
395 2099 425 2160 5.
439 2127 482 2137 —
497 2089 543 2173 V,
557 2097 587 2159 3.
624 2091 718 2153 Haec
734 2092 816 2154 mira
838 2092 1008 2157 consensio
1030 2094 1187 2178 quomodo
1202 2097 1316 2154 exorta

218 2202 277 2285 stt,
310 2207 343 2266 et
375 2197 598 2266 difficillimum
621 2206 654 2264 ct
687 2200 915 2282 gravissimum
948 2210 1000 2267 cst
1028 2203 1219 2281 dijudicare3
1256 2221 1318 2264 neo
1351 2251 1355 2258 .

218 2311 508 2399 praetenuiscruot
529 2331 602 2377 eam
624 2311 848 2398 quaestionem
870 2309 905 2392 ii,
927 2311 980 2395 qui
997 2312 1036 2373 de
1052 2312 1205 2376 universa
1219 2311 1318 2376 libro-

218 2447 289 2489 rum
313 2423 607 2511 metaphysicorum
629 2422 884 2488 conformatione
907 2427 941 2485 et
963 2421 1076 2484 ordine
1091 2443 1191 2505 agero
1209 2399 1317 2486 susec-

219 2545 354 2623 perunt,
387 2539 445 2603 sed
477 2543 573 2620 prout
606 2535 767 2601 ‹liversam
797 2535 837 2598 de
865 2533 964 2597 totius
990 2530 1099 2617 operis
1125 2533 1254 2597 rctioue
1282 2539 1317 2596 et

219 2647 403 2712 conditione
435 2647 632 2709 sententiam
665 2652 900 2730 conceperunt,
937 2642 1072 2709 diversis
1104 2643 1208 2706 modis
1241 2665 1316 2708 earn

220 2754 348 2819 solvere
375 2752 484 2816 conati
511 2760 597 2816 suut.
642 2753 744 2818 Nobis
771 2775 866 2841 quum
893 2777 958 2818 non
985 2755 1017 2819 id
1039 2753 1237 2840 propositum
1259 2754 1315 2837 sit,

219 2869 255 2926 nt
277 2861 431 2925 librorum
459 2862 754 2947 metaphysieorunr
784 2867 929 2929 ordinem
956 2865 1172 2950 explicemus,
1200 2867 1258 2929 sed
1280 2871 1316 2928 ut

219 2975 262 3040 ad
284 2981 409 3040 textum
431 2975 666 3041 emendandum
689 2973 807 3062 aliquid
828 2977 1051 3059 conferamus,
1079 2977 1259 3062 praeterire
1280 2975 1316 3036 li-

220 3095 273 3151 cet
301 3087 362 3152 hoo
388 3083 460 3151 loco
489 3087 709 3172 quaestionem
737 3085 828 3150 illam
856 3093 978 3150 motam
1000 3088 1161 3169 magis'et
1183 3063 1313 3173 praepu-

173 3207 176 3212 '
220 3203 326 3262 ratam
349 3218 445 3285 quarn
467 3197 663 3279 consectam3
686 3196 765 3261 illud
788 3197 875 3262 cuim
896 3198 1004 3284 potius
1022 3177 1239 3283 quaerendum
1255 3201 1316 3275 est,

220 3327 297 3371 num
330 3308 404 3395 quid
437 3311 479 3374 ad
511 3309 656 3373 criticum
689 3328 782 3371 usum
818 3329 860 3374 ex
893 3309 948 3374 illo
981 3331 1141 3375 consensu
1173 3305 1319 3374 converti

149 3411 153 3418 ’
221 3418 339 3503 possit3
362 3421 447 3506 quod
469 3420 595 3505 quidem
619 3418 756 3485 inveniri
774 3405 911 3508 poterit,
932 3423 1011 3488 licet
1032 3423 1072 3484 de
1095 3418 1220 3502 origine
1242 3437 1317 3480 con·
1361 3471 1368 3481 .

222 3525 384 3595 sensionis
405 3532 543 3595 nondum
567 3529 664 3615 plane
682 3541 820 3599 constet.
845 3591 850 3598 .

306 3637 385 3706 Met.
407 3643 442 3714 Δ,
458 3648 490 3711 2.
512 3663 543 3726 p.
562 3648 728 3714 romam.
750 3679 792 3690 -
813 3662 844 3724 p.
862 3642 1028 3709 torsera.
1051 3637 1122 3722 (ar.
1136 3639 1258 3718 sam.
1272 3671 1316 3682 —

221 3759 274 3837 90,
299 3751 362 3834 17.)
384 3750 507 3836 pariter
529 3772 569 3816 cc
589 3753 682 3837 phys.
706 3750 798 3834 11,3.
823 3770 851 3830 p.
872 3748 1015 3820 lothes.
1040 3781 1082 3798 -
1105 3747 1253 3819 loabto.
1275 3747 1315 3810 de

222 3864 351 3928 diversa
382 3862 415 3927 vi
448 3868 482 3925 et
513 3860 748 3943 significatione
784 3859 924 3923 notionis
961 3865 1088 3950 oleron
1124 3859 1316 3944 disputatur.

222 3969 314 4041 Quae
329 3974 437 4061 capita
453 3969 479 4036 si
496 3969 566 4056 quis
588 3967 761 4052 diligenter
782 3971 868 4036 inter
889 3993 925 4036 se
947 3971 1133 4056 contulerit,
1156 3993 1220 4036 non
1243 3989 1315 4034 cam

222 4082 318 4146 otrodo
345 4082 588 4151 consensionem
617 4097 689 4143 esse
712 4079 972 4172 animadvertet,
999 4085 1127 4173 qrralem
1155 4081 1317 4150 exsistere
