2898 4494
1201 216 1242 282 81

146 385 245 466 Phys.
263 380 417 468 11666.
434 405 467 468 p.
481 385 759 454 acme-auom.
782 388 816 448 ct
832 379 911 446 met.
935 403 966 467 p.
985 385 1174 454 1067333-
1185 387 1241 464 37,

144 493 378 578 Phys.111,7.
402 517 433 579 p.
454 494 708 573 207b2la-253
742 493 782 556 dc
805 491 982 556 mutatione
1004 491 1084 558 Met.
1107 515 1137 578 p.
1160 498 1244 566 1067

144 605 408 687 bl-—loomum
431 601 531 684 Phys
555 601 600 687 V,
624 611 650 673 1.
672 609 703 672 2
726 623 757 685 p·
779 605 1103 684 aucam-arebla,
1133 603 1243 668 defini·

146 716 251 780 tiones
278 717 444 784 notionum
473 717 556 798 ἅμα,
583 713 667 800 ἑξῆς,
693 715 825 797 μεταξύ,
853 716 976 793 συνεχές
998 713 1076 778 Met.
1104 735 1134 799 p.
1161 717 1244 784 1068

146 828 269 900 ιασ-
284 851 315 913 p.
341 827 509 908 roccam,
534 821 635 902 roy.
659 821 702 907 v,
724 829 755 894 o.
777 815 1021 909 p.22cb18'-
1042 846 1074 907 p.
1094 829 1243 904 aanor,
1349 866 1352 872 s

145 938 239 1010 erae
262 957 357 1021 quum
381 934 427 998 ita
449 934 515 998 sint
536 954 632 1014 nemo
653 933 687 996 in
709 933 850 997 animum
874 935 1025 999 inducere
1040 941 1151 1018 potest
1164 935 1243 1019 phy·
1344 991 1347 1000 .

145 1049 296 1114 sicorum'
311 1044 392 1110 locis
414 1041 606 1127 significatis
628 1041 673 1104 ita
694 1041 762 1124 uti,
792 1049 827 1105 ut
849 1043 878 1107 si
901 1045 976 1130 quiri
1004 1045 1038 1110 iu
1067 1045 1243 1132 iis.aptius

146 1164 181 1222 at
212 1156 396 1220 accuratius
424 1151 607 1238 expositum
642 1152 701 1237 sit,
734 1151 896 1217 difficilius
916 1175 995 1220 vara
1022 1163 1056 1220 et
1077 1155 1244 1220 obscurius

143 1268 177 1332 in
200 1263 443 1350 rnotapbysiciS,
466 1263 547 1328 haec
569 1284 611 1328 ex
633 1260 698 1326 iilis
720 1263 886 1346 corrigere
908 1270 941 1326 et
960 1271 1129 1352 utrumque
1147 1283 1243 1332 oxac.
1286 1247 1290 1250 ’

141 1397 244 1464 quare
267 1376 434 1461 suscipiat.
470 1372 628 1440 Attamen
650 1372 744 1438 sicuti
767 1372 942 1459 explicatio
964 1376 1154 1464 posterioris
1169 1399 1245 1463 pur.

143 1488 186 1550 tis
209 1485 283 1550 libri
306 1483 348 1549 K
365 1486 509 1569 peteuda
531 1491 582 1548 est
605 1506 623 1548 e
645 1482 806 1567 physicis,
832 1481 955 1548 ita-ubi
978 1484 1152 1551 manifesta
1174 1510 1244 1553 cer-

143 1597 231 1660 nitur
245 1593 442 1680 corruptela,
463 1617 482 1660 c
498 1593 651 1680 physicis,
667 1596 752 1660 unde
768 1615 808 1660 ea
823 1595 985 1662 translata
1003 1617 1077 1662 esse
1093 1606 1243 1683 apparet,

141 1706 358 1780 certissimam
380 1711 528 1790 repetere
549 1704 726 1791 poterimus
750 1704 921 1772 medelam.
967 1705 1011 1768 Et
1033 1704 1093 1770 tiae
1114 1708 1244 1791 quidem

142 1815 269 1882 ratione
292 1816 459 1900 videamus
481 1817 510 1882 si
530 1816 607 1902 quid
630 1815 723 1880 nobis
743 1814 917 1894 contigerit
939 1815 983 1878 ad
1005 1819 1243 1882 emendandum

141 1935 268 1994 textum
289 1927 365 1991 iibri
386 1926 429 1992 K
447 1925 607 1998 conferre.
1045 1975 1048 1984 .

226 2033 561 2118 K,10.p‚1066b2.
586 2029 656 2114 (Br.
681 2037 757 2116 232,
779 2035 824 2111 6.)
872 2032 1098 2120 vInvestigatur
1125 2046 1243 2106 natura

142 2145 271 2230 infiniti,
294 2147 352 2209 τοῦ
373 2142 514 2226 α’πείρον.
554 2142 706 2226 χωριστὸν
725 2147 783 2226 μὲν
805 2142 845 2230 δὴ
866 2143 945 2210 αῦτό
967 2171 996 2210 τι
1017 2147 1069 2236 risu,
1091 2151 1243 2236 αἰσθητὸν

78 2285 80 2290 ·
143 2258 176 2324 δ’
203 2255 262 2338 οῦχ
289 2253 357 2320 οἷόν
384 2265 413 2318 τ’
441 2254 530 2318 εἶναι.
572 2249 656 2316 Num
687 2253 845 2320 iufinitmn
874 2279 971 2323 sensu
994 2258 1258 2345 percipi-possit
1332 2283 1334 2288 ·

141 2366 332 2454 (αἰσθητόν),
354 2363 484 2428 omnino
506 2383 570 2428 non
593 2365 770 2450 quaeritur,
792 2367 853 2428 seu
873 2386 949 2430 num
965 2367 1113 2440 absolute
1130 2391 1190 2454 per
1204 2395 1242 2438 se

140 2470 300 2544 exsistere
321 2477 518 2541 censendum
540 2473 583 2535 sit
605 2493 717 2538 necno.
761 2471 875 2560 ltaque
897 2465 935 2540 si‘
948 2477 1040 2541 unice
1063 2478 1158 2559 hujus
1180 2480 1242 2548 loci

141 2610 261 2654 nexum
277 2585 491 2672 spectaretis,
508 2581 729 2680 praeferenda
742 2582 903 2650 videbitur
917 2584 1015 2651 lectio
1030 2591 1099 2657 cod.
1117 2589 1163 2674 Ε,
1186 2591 1242 2679 qui

142 2698 297 2783 αῑσὸητὸν
325 2696 359 2760 δ’
388 2694 521 2770 omittit,-
550 2696 608 2758 scd
637 2693 733 2759 aliam
757 2697 950 2760 emendandi
973 2697 1058 2762 viam
1080 2709 1242 2766 monstrat

140 2808 233 2875 locus
254 2830 273 2870 e
296 2805 439 2890 physicis
452 2825 491 2887 p.
506 2809 632 2876 wia&
664 2806 815 2889 χωριστὸν
827 2812 886 2891 μὲν
908 2805 968 2872 οῦν
985 2811 1068 2874 εἶναι
1090 2811 1127 2876 τὸ
1147 2813 1241 2877 cirter-

141 2939 198 3003 ρον
219 2921 291 2981 τοῖν
313 2919 523 3000 αἰσθητῶν,
546 2913 625 2980 αὸτό
647 2940 675 2979 τι
697 2917 736 2980 ὁν
751 2917 898 3001 ἄπειρον,
921 2915 978 2999 οὸχ
1000 2919 1123 2985 οἷόντε.
1158 2921 1240 2988 Indo

138 3027 206 3092 illic
226 3048 286 3112 pro
308 3025 462 3110 αἰσθητὸν
483 3026 518 3089 δ’
541 3025 744 3090 scribendum
768 3027 830 3093 erit
851 3031 925 3091 coir
946 3029 1153 3114 αἰσθητῶν.
1236 3061 1240 3070 ·

223 3143 260 3213 Κ,
284 3144 333 3208 10.
353 3139 571 3222 01066030.
594 3137 666 3222 (Br.
680 3143 757 3216 233,
778 3139 823 3216 9.)
866 3133 1033 3200 Infinitum
1055 3159 1122 3204 non
1142 3163 1239 3228 posse

141 3268 214 3312 esse
237 3267 354 3330 corpus
376 3248 600 3331 compositum.
644 3249 696 3312 ciet
717 3247 777 3333 γὸρ
805 3246 920 3329 ἰσάζειν
946 3245 1099 3314 τάναντία
1125 3259 1177 3331 καὶ
1196 3258 1239 3342 μὴ

140 3360 221 3422 εἶναι
243 3359 278 3418 ἓν
299 3351 405 3444 αῦτῦν
426 3357 565 3438 ἄπειρον·
603 3360 632 3422 si
651 3359 711 3442 γαρ
736 3355 916 3424 ὁπωσοῦν
942 3356 1080 3422 λείπεται
1100 3358 1119 3446 ἦ
1140 3367 1239 3427 θατέ·

139 3489 197 3553 ρον
219 3467 361 3548 σώματος
381 3463 528 3546 δύναμις,
550 3469 749 3549 φθαρήσεται
768 3464 832 3532 ὁπὸ
854 3471 911 3531 τοῦ
932 3465 1063 3551 ἀπείρου
1084 3471 1119 3534 τὸ
1139 3496 1239 3536 πεπο·

140 3580 303 3661 ρασμένον.
338 3572 404 3637 Pro
418 3570 568 3640 ὁπωσοῦν
582 3575 651 3639 cod.
668 3571 715 3656 E,
737 3576 787 3638 cui
810 3577 895 3642 haud
909 3576 1070 3642 immerito
1085 3603 1237 3665 magnam

141 3685 293 3752 tribueris
332 3686 578 3768 auctoritatem,
612 3684 712 3749 habet
739 3680 875 3762 ὁτισοῦν,
909 3689 993 3774 quoti
1020 3690 1130 3755 dubito
1158 3711 1235 3755 num

141 3815 183 3859 ex
208 3793 356 3862 ὁπωσοῦν
382 3793 584 3880 negligentia
604 3789 795 3879 'corruptum
826 3796 878 3866 sit.
922 3799 1028 3870 Quum
1058 3799 1142 3864 cuim
1170 3821 1236 3865 nou

140 3905 173 3969 id
195 3914 385 3990 quaeratur,
418 3909 607 3993 quomodo
634 3904 688 3972 vel
715 3927 788 3992 qua
815 3909 975 3975 ratione
1003 3911 1141 3976 alterum
1167 3908 1234 3975 elc-

140 4022 287 4080 mantmn
302 4023 485 4100 superetur,
506 4017 564 4084 secl
579 4037 652 4102 quo
672 4017 724 4100 uel
746 4027 893 4104 quauto
914 4019 1049 4084 iuferius
1063 4016 1118 4100 sit,
1132 4019 1236 4086 multo

191 4121 505 4176 concesseramus
1014 4123 1036 4185 5
