2906 4500
1191 265 1234 334 dd

143 433 245 504 hensa
267 433 446 520 tingamus,
476 430 661 518 pariterue
689 434 707 511 ξ
727 442 758 522 ψ
778 429 796 506 ζ
820 449 883 495 nuo
905 431 996 518 signo
1019 433 1101 498 duos
1121 430 1234 496 literas

142 546 304 634 simplices
325 544 590 630 complectuntur.
603 541 632 625 ¹)
655 577 698 591 -
720 539 816 606 Hono
838 561 932 627 quum
954 543 1061 610 inesse
1084 549 1234 627 oporteat

142 657 194 722 his
219 656 328 724 vorbis
356 653 566 738 senteutiam,
600 672 665 716 non
693 651 803 717 dubito
830 651 953 736 proed
980 654 1049 739 γὰρ
1078 658 1109 722 Γ
1129 658 1181 718 καὶ
1207 659 1236 718 Ρ

142 766 282 834 seribere
304 771 353 856 τῷ
373 765 433 851 γὰρ
455 771 485 832 Γ
500 770 552 829 καὶ
571 771 613 840 Ρ,
639 765 724 852 quod
752 769 786 828 at
813 762 845 826 in
874 761 997 827 duobus
1018 762 1107 830 libris
1137 786 1234 830 mser.

138 879 279 964 optimae
306 882 404 942 notae
428 874 519 942 Esto
538 873 659 959 legitur
680 881 713 941 et
735 895 756 938 a
779 872 953 940 Brundisio
975 873 1155 940 intextum
1182 897 1233 942 re·

140 997 269 1074 neptum
294 993 355 1052 est.

224 1095 292 1162 Sed
312 1095 486 1182 prueoipoe
507 1093 651 1180 proclive
673 1100 745 1159 erat
766 1093 907 1160 librariis
927 1098 963 1162 od
985 1101 1112 1163 mutere
1132 1096 1165 1161 in
1180 1117 1234 1162 eu·

142 1226 212 1301 sum
240 1206 382 1274 dativum
409 1210 472 1296 uqi,
499 1205 553 1269 nbi
582 1204 726 1291 sequitur
753 1203 880 1270 dativus
907 1207 1037 1289 generis
1064 1207 1233 1274 masculini

139 1317 192 1382 vel
213 1319 375 1402 neutrius,
395 1317 467 1403 qui,
487 1314 550 1380 nisi
573 1313 759 1400 diligentius
781 1315 976 1400 attenderis,
1001 1337 1075 1380 eum
1097 1317 1232 1383 artiouio

139 1429 384 1510 conjungendus
411 1447 483 1508 esse
510 1425 668 1492 videatur.
713 1423 805 1499 Quod
833 1425 964 1512 saepius
985 1427 1101 1493 aoeidit
1123 1427 1155 1492 in
1177 1450 1234 1515 pe·

139 1536 251 1600 euliori
268 1536 326 1601 illa
339 1534 579 1602 construetione
594 1535 694 1602 dativi
708 1560 779 1602 oum
798 1537 968 1624 infinitivo,
984 1558 1058 1624 qua,
1080 1531 1233 1624 utsupra

139 1645 437 1732 indicavimusqof.
465 1670 497 1734 p.
523 1650 609 1733 42),
642 1647 838 1715 Aristoteles
861 1650 965 1735 ipsam
997 1649 1162 1714 notionum
1190 1651 1232 1715 ab

137 1759 222 1820 onrui
245 1757 401 1824 materiae
424 1764 458 1822 et
478 1759 689 1824 accidentium
708 1759 904 1841 cogitatione
926 1763 1112 1839 exemptam
1136 1756 1234 1840 signi·

136 1865 231 1946 fient,
259 1875 295 1933 ut
315 1869 414 1958 λευκῷ
435 1870 515 1933 εἶναι
538 1867 768 1947 albitudiuem,
795 1865 957 1949 ἀνθρώπῳ
978 1865 1059 1925 εἶναι
1080 1871 1233 1929 naturam

136 1985 170 2044 et
191 1978 356 2043 notionem
379 1976 530 2059 horuiuis,
551 1975 606 2056 opu
628 1970 740 2034 οὐσίαν
760 1975 812 2034 καὶ
832 1971 868 2036 rd
883 1974 912 2034 ri
926 1969 965 2058 ἦν
987 1971 1068 2035 εἶναι
1089 1974 1232 2040 denotet.

136 2086 331 2170 Praeposito
359 2083 496 2147 articulo
524 2081 604 2146 haee
631 2079 770 2144 formula
797 2079 829 2144 in
857 2081 1050 2147 substantivi
1078 2091 1233 2150 usturam

137 2196 218 2279 abit,
240 2215 300 2260 neo
315 2191 417 2261 solum
440 2212 516 2258 ausu
537 2190 735 2258 nominativo
759 2191 810 2256 vel
832 2192 1015 2259 aoousntivo
1037 2203 1228 2282 usurpatur,

135 2326 269 2393 quorum
294 2302 436 2390 plurima
463 2303 613 2389 exempla
638 2302 813 2389 praeeipue
842 2324 861 2367 e
889 2302 1025 2385 septimo
1057 2305 1229 2392 metaphy.

136 2417 275 2482 sieorum
311 2414 392 2478 libro
431 2422 463 2480 et
492 2436 511 2479 e
538 2413 646 2500 quarti
678 2431 749 2493 cap.
775 2415 807 2480 4.
840 2409 951 2476 afferri
972 2421 1135 2500 possunt,
1169 2421 1230 2482 sed

134 2527 234 2592 etium
256 2525 412 2610 genitivo,
430 2525 532 2590 veluti
553 2529 586 2599 Γ,
604 2528 636 2592 4.
659 2541 689 2604 ρ.
714 2519 883 2604 loeutus,
905 2519 1002 2586 Anat.
1026 2531 1108 2605 post.
1128 2523 1175 2609 11,
1196 2532 1228 2598 4.

136 2658 168 2722 p.
190 2636 295 2710 dlb5.
318 2639 375 2700 tori
396 2633 556 2722 ἀνθρώπῳ
576 2634 665 2706 εἶναι,
685 2636 721 2707 Ζ,
734 2635 766 2702 8.
788 2653 819 2717 p.
837 2633 1006 2704 1083bll.
1030 2639 1089 2700 rod
1110 2639 1230 2722 σφαίρᾳ

135 2749 229 2823 εἶναι,
256 2752 289 2812 et
316 2744 425 2810 dativo
452 2742 559 2808 Sohol.
585 2764 616 2827 p.
642 2745 789 2814 7471131.
818 2747 862 2832 τῷ
887 2741 1004 2834 ἀγαθῷ
1028 2746 1117 2810 eirea
1160 2745 1228 2813 Sed

135 2855 219 2920 falso
241 2854 408 2943 quinquies
428 2852 460 2917 in
477 2856 588 2918 eodem
611 2859 707 2918 sexto
728 2852 836 2937 cupito
857 2853 931 2918 libri
952 2854 1083 2939 septimi
1098 2857 1228 2921 dativus
1344 2843 1347 2848 ¹

136 2969 234 3032 etiam
257 2965 290 3029 iu
311 2960 521 3029 Bekkerienn
548 2965 688 3031 editione
715 2962 853 3048 legitur,
878 2963 936 3029 'ubi
963 2966 1149 3035 necessario
1169 2987 1226 3030 no·

133 3075 306 3142 minatione
333 3075 514 3160 requiritur.
558 3075 736 3142 Tractatur
758 3075 790 3140 iu
817 3073 873 3137 iilo
894 3073 1002 3160 eapite
1025 3074 1106 3140 haee
1127 3095 1223 3159 quae·

134 3188 214 3270 stin,
239 3193 346 3250 utrum
374 3187 410 3251 ud
431 3191 460 3252 τί
479 3183 519 3274 ἦν
540 3188 621 3251 εἶναι
648 3185 695 3249 rei
718 3191 751 3250 et
773 3184 846 3269 ipso
873 3203 926 3248 res
953 3205 1052 3250 uuum
1076 3185 1226 3274 idemque

133 3294 198 3358 sint
219 3315 330 3360 neone.
367 3302 401 3369 Ζ,
414 3303 446 3366 d.
468 3317 498 3378 ρ.
513 3295 678 3374 ioelum.
703 3294 770 3377 (Bu.
796 3301 865 3371 138,
886 3301 917 3366 9·
941 3300 1006 3375 td.)
1028 3297 1072 3385 τῷ
1090 3298 1225 3384 μὲνγὰρ

134 3405 294 3494 ἀνθρώπῳ
309 3403 369 3488 (so.
380 3404 473 3482 εἶναι)
488 3407 601 3492 καὶτῷ
614 3405 711 3494 λευκῷ
725 3405 884 3496 ἀνθρώπῳ
896 3403 935 3470 οὔ
950 3404 1053 3480 ταύτό,
1068 3411 1112 3497 uqi
1124 3411 1224 3472 πάθει

200 3659 228 3724 1)
256 3655 350 3714 Mirum
373 3660 500 3731 quendam
523 3659 614 3715 horum
641 3657 779 3714 verborum
806 3661 1048 3732 interpretationem
1070 3660 1222 3734 Hengsteu·

134 3741 240 3810 bangius
262 3743 348 3810 dedit,
373 3744 450 3797 wan
466 3745 526 3811 fiir
544 3761 566 3814 g
586 3745 650 3800 rond
668 3763 687 3798 r·
708 3746 808 3802 rorirde
829 3747 877 3800 ein
896 3747 1049 3806 Samnite
1067 3751 1222 3804 estotim.

133 3822 262 3879 Nimirum
285 3829 409 3899 deeeptus
430 3827 497 3882 feisa
518 3829 726 3899 interpunctione
744 3828 889 3904 Brundisii,
913 3835 956 3904 qui
979 3847 1040 3888 anta
1061 3833 1116 3888 inei
1132 3832 1177 3885 aei
1193 3828 1222 3882 τὸ

132 3911 203 3976 spic
218 3923 343 3965 commate
356 3925 456 3968 tanturn
470 3912 598 3980 distinxit,
616 3913 666 3967 hue
678 3915 756 3968 etium
776 3917 905 3985 pertinere
922 3919 1032 3984 censuit,
1050 3934 1116 3987 quae
1133 3913 1220 3984 pontio

132 4006 193 4046 note
211 3992 244 4046 da
260 4009 367 4050 numero
385 3997 519 4052 stellarum
537 3998 563 4053 iu
581 3998 657 4067 siguo
680 3997 808 4069 pleiadum
830 4001 872 4056 vel
895 4004 1100 4073 septentrionum
1119 4000 1220 4054 Aristo-

132 4076 199 4129 teies
217 4091 384 4146 exposuerat.

103 4201 117 4230 l
183 4158 273 4214 Bouttr,
285 4161 372 4204 observ.
388 4164 409 4207 in
423 4165 495 4207 Arist·
1005 4170 1027 4236 4
