2898 4494
229 221 273 286 uo

229 386 281 451 Ac
302 391 476 471 praetereo
504 389 538 449 et
565 404 607 450 ex
634 384 683 452 rei
710 389 830 450 neturo
856 392 891 450 et
918 406 959 453 ex
988 386 1150 471 exemplis
1171 387 1325 475 deinceps

230 494 341 562 nllntis
363 501 513 580 cppnret,
535 496 597 560 duo
620 495 788 578 distingui,
813 516 896 581 qnee
918 495 1081 562 nonnuliis
1108 498 1141 562 in
1163 500 1260 565 rebus
1281 502 1341 566 cd·

196 627 326 670 ·nnum
350 605 498 690 idemque
526 605 682 670 recident.
732 602 844 677 (luere
872 607 1043 672 verissime
1070 607 1325 677 Trendolen·

229 716 396 799 turgius
418 717 450 781 in
473 737 514 782 ee
536 714 771 799 disputatione,
799 736 897 801 quem
926 718 967 782 de
995 719 1026 784 vi
1053 719 1212 786 formulae
1239 721 1274 786 ed
1296 725 1325 784 et

226 825 267 914 ἢν
287 826 521 912 circonscripsit,
544 824 763 912 recipiendum
778 827 945 913 praecepit
959 827 1131 897 lectionem
1146 831 1266 896 codicis
1280 829 1324 905 Ε,

228 937 280 1004 cui
302 933 431 1022 megne‘
444 936 552 1020 utique
574 937 756 1002 auctoritas
778 939 962 1024 tribuenda,
990 940 1026 1006 ed
1047 945 1078 1005 τί
1096 941 1137 1030 ἦν
1162 945 1241 1006 εἶναι
1260 945 1324 1006 καὶ

227 1053 358 1115 ἕκαστον
390 1048 488 1130 „dae
520 1047 557 1112 ed
589 1053 619 1112 τί
643 1047 684 1134 ἦν
711 1051 897 1114 edecument
920 1054 979 1115 ee'n
1011 1056 1185 1118 eeieeelrees
1211 1056 1258 1118 det
1283 1055 1323 1116 e'n

226 1155 575 1246 Reielcoicletee'm'ger
588 1159 761 1247 Begriffe
771 1159 961 1224 desselben
985 1161 1118 1243 (Rhetn.
1132 1164 1216 1229 Mus.
1231 1167 1323 1236 1828.

225 1273 257 1341 4.
284 1291 316 1354 p.
338 1271 428 1355 11111.)
480 1269 700 1336 Confirmntur
728 1269 810 1334 lrcec
837 1272 1021 1336 emendatio
1049 1270 1322 1357 interpretatione

225 1381 423 1465 Alexandri,
434 1403 528 1468 quem
540 1385 593 1446 xci
603 1380 636 1444 in
648 1385 741 1446 textu
754 1379 905 1447 habuisse
919 1389 1044 1448 certum
1056 1388 1118 1466 est,
1130 1403 1225 1466 quum
1237 1381 1323 1446 seri-

225 1494 281 1557 bet
304 1491 342 1556 οὔ
370 1495 470 1574 μόνον
497 1492 533 1555 δὲ
560 1500 631 1575 περὶ
658 1493 778 1556 τούτων
804 1496 933 1577 εἴρηται,
961 1491 1029 1556 ἀλλ’
1051 1493 1100 1558 ὅτι
1120 1498 1173 1556 καὶ
1193 1495 1324 1556 ἕκαστον

224 1605 290 1665 καὶ
310 1601 345 1665 ed
367 1602 397 1664 τί
416 1599 460 1687 ἦν.
477 1600 559 1662 εἶναι
581 1597 683 1664 αὐτοῦ
701 1599 754 1662 ero
774 1623 868 1665 τινων
889 1599 1010 1667 ταύτόν
1025 1602 1108 1668 ἐστιν
1122 1624 1153 1686 p.
1164 1607 1225 1674 761
1237 1602 1320 1680 b203

223 1709 432 1776 confirmatur
459 1711 573 1776 eadem
602 1707 642 1772 iis
663 1707 744 1772 locis
766 1709 895 1791 septimi
918 1711 991 1775 libri
1014 1713 1318 1798 metaphysieorum,

224 1825 266 1888 nd
293 1843 373 1910 quos
401 1823 451 1890 his
478 1819 576 1906 ipsis,
604 1821 644 1884 de
671 1817 786 1902 quibus
802 1819 954 1902 eginone,
985 1821 1094 1886 vorbis
1121 1821 1321 1886 Aristotcles

223 1933 363 2000 lectores
395 1936 559 2016 respicere
589 1931 693 2014 jubet.
742 1937 782 2006 Z,
809 1937 840 2002 6.
869 1953 900 2017 p.
932 1930 1095 2003 10331115.
1123 1933 1257 2016 πότερον
1284 1930 1323 1992 δὲ

224 2043 341 2108 ταύτόν
370 2042 452 2104 ἐστιν
478 2044 499 2127 ἢ
525 2041 687 2124 ἕτεροντὸ
715 2045 745 2104 τί
764 2040 804 2126 ἦν
825 2044 909 2106 εἶναι
927 2047 991 2106 καὶ
1012 2045 1142 2106 ἕκαστον
1162 2043 1321 2107 σκεπτέον.

222 2153 298 2216 ibid.
313 2152 394 2222 11111.
418 2155 453 2214 ἓν
473 2155 526 2214 καὶ
546 2148 642 2214 eadm
663 2184 706 2198 —·
728 2149 807 2214 1111111
829 2155 1043 2216 ἕκαστονκαὶ
1063 2150 1099 2215 τὸ
1120 2157 1149 2216 et
1169 2150 1208 2238 ἦν
1229 2154 1320 2217 εἶναι.

225 2263 276 2328 cf.
298 2263 374 2328 ibid.
397 2261 477 2334 hm.
499 2266 553 2330 26.
576 2281 607 2342 p.
632 2265 777 2332 leenae.
799 2296 843 2309 -
868 2259 906 2322 ln
935 2262 1092 2344 proximis
1119 2261 1226 2326 verbis
1254 2281 1320 2325 non

222 2373 441 2458 probaverim,
463 2373 546 2457 quod
569 2376 642 2454 post
664 2371 692 2433 ei
711 2372 814 2456 aptior]
836 2369 918 2435 ἐστίν
939 2371 1038 2454 plene
1060 2373 1320 2457 interpunctione

223 2484 407 2552 distinctum
425 2491 492 2564 est3
513 2501 597 2569 quoe
612 2479 700 2546 enim
722 2481 839 2547 deinde
862 2488 1038 2568 sequnntur
1059 2484 1121 2547 ὅσα
1142 2481 1175 2546 d'
1198 2479 1241 2560 ὥς
1262 2483 1319 2568 ὕλη

221 2597 283 2662 eei.
307 2597 355 2659 ite
377 2601 452 2658 sunt
474 2593 571 2675 dicte,
592 2598 628 2656 ut
649 2612 723 2655 cum
745 2590 962 2676 superioribus
991 2613 1089 2656 nnem
1104 2595 1319 2679 »eandemque

222 2706 365 2772 efficient
389 2702 664 2781 enunciationem
686 2701 911 2788 parentheticc
934 2713 1059 2788 eutem,
1077 2709 1113 2768 ut
1135 2704 1318 2788 explicetur

221 2815 309 2880 notio
337 2816 454 2898 πρώτη,
481 2811 707 2894 interpositum
735 2819 786 2878 est
812 2813 891 2894 λέγω
919 2814 956 2879 δὲ
981 2849 1024 2862 -
1051 2818 1104 2878 xci
1124 2813 1316 2902 ὑποκειμένῳ

220 2926 264 3004 ὡς
285 2926 360 3018 dipl,
389 2925 434 2988 uti
464 2922 594 3006 snepius
621 2923 662 2987 eb
691 2921 742 2987 his
768 2925 877 2990 verbis
897 2924 975 3005 λέγω
997 2923 1035 2988 δέ
1054 2924 1178 2990 orditur
1198 2945 1315 3010 peren-

220 3037 323 3102 thcsis
356 3033 540 3122 explicandi
568 3034 676 3118 gretia
702 3033 836 3100 inserte.
893 3033 941 3099 Of.
966 3033 1201 3118 intelludi,
1226 3039 1258 3104 4.
1281 3051 1310 3114 p.

222 3152 447 3221 l2l5e29.·et
469 3167 568 3230 supra
590 3166 621 3228 p.
644 3151 696 3217 31.
741 3143 898 3209 Ultimum
921 3150 1030 3210 eutem
1053 3145 1147 3228 hujus
1173 3142 1236 3209 ccli
1259 3162 1313 3204 vo·

219 3260 369 3325 eubulum
394 3257 452 3342 silc
479 3255 545 3322 leni
573 3253 800 3322 emendatione
824 3254 947 3322 mutavi
973 3255 1008 3320 in
1027 3277 1139 3322 cesum
1159 3253 1317 3338 dativum,

219 3455 315 3518 gesegt
336 3446 422 3512 wird;
447 3453 474 3497 ct
497 3443 688 3498 sententiarum
711 3444 794 3498 series
817 3444 946 3513 postulat,
970 3455 1000 3498 ut
1023 3444 1071 3496 hcc
1094 3443 1181 3510 potius
1205 3442 1314 3504 dicatur,

218 3532 352 3584 notionem
370 3529 570 3584 substantialem
588 3527 621 3595 (1.
639 3547 661 3582 τ.
677 3551 701 3595 η.
717 3529 751 3597 ε.)
770 3533 927 3596 cujusque
945 3527 984 3579 rei
1001 3527 1028 3577 in
1046 3542 1077 3577 eo
1096 3525 1178 3589 cerni,
1196 3524 1262 3593 qnod
1281 3521 1314 3574 de

218 3633 247 3669 re
265 3616 321 3685 ipsa
339 3631 386 3684 per
397 3632 426 3667 se
438 3614 611 3682 praedicetur,
629 3611 672 3667 vel
684 3623 714 3666 ut
726 3615 763 3666 eit
777 3611 932 3665 Bessariou:
951 3609 1012 3660 illud
1028 3617 1077 3673 est,
1102 3609 1170 3678 quod
1183 3606 1242 3675 quid
1256 3619 1314 3660 eret

218 3717 277 3754 esse
295 3700 509 3767 unumquodque,
533 3699 603 3769 qnod
624 3698 767 3752 secundum
790 3711 820 3746 se
838 3690 942 3745 dicitnr.
980 3690 1099 3763 Namque
1122 3693 1245 3760 deinceps
1263 3689 1313 3744 hcc
1433 3741 1434 3752 ,

218 3783 339 3852 exemplo
358 3780 517 3835 Aristoteles
535 3799 591 3834 rem
614 3781 729 3834 illustrat
750 3777 780 3830 cd
801 3777 855 3850 γάρ
876 3777 928 3830 ἐστι
948 3775 976 3830 τὸ
996 3777 1038 3829 coi
1059 3778 1125 3828 εἶναι
1147 3772 1176 3826 τὸ
1194 3776 1314 3846 μουσικῷ

217 3871 295 3922 εἶναι·
313 3867 343 3919 od
359 3863 413 3939 γὰρ
430 3862 496 3918 κατὰ
513 3863 608 3917 σαυτὸν
623 3867 647 3917 el
660 3862 789 3935 μουσικός.
825 3860 867 3916 Cf·
885 3861 972 3916 Schol.
991 3879 1015 3932 p.
1033 3864 1225 3931 7111111111.
1260 3858 1311 3913 lte·

218 3969 268 4019 que
286 3950 450 4005 scribendum
469 3961 510 4000 est
527 3947 564 3999 in
580 3950 631 3998 ἔστι
647 3946 676 3998 τὸ
692 3947 717 3996 τί
734 3938 765 4010 ἦν
780 3947 847 3998 sinon
863 3946 986 4016 ἑκάστῳ
1012 3942 1026 3996 ὃ
1043 3945 1143 4016 iiyetco
1158 3946 1221 4000 καθ’
1239 3943 1310 4000 αὑτό.

220 4033 317 4089 Eadem
333 4033 415 4090 rerba
431 4031 459 4086 ed
477 4036 502 4085 τί
512 4024 544 4098 ἦν
558 4033 625 4085 εἶναι
641 4028 738 4101 ἑκάστῳ
755 4029 880 4098 leguntur
895 4035 925 4094 Δ,
939 4032 983 4087 17.
1002 4046 1027 4101 p.
1044 4034 1162 4086 1022119.
