2898 4494
225 307 284 374 tto

221 475 252 534 in
288 471 414 534 modum
450 467 589 532 disserit.
657 466 783 532 Deinde
818 469 922 551 ipsum
957 465 1110 533 dilemma
1138 474 1223 556 quod
1253 493 1322 556 pro·

161 651 171 668 ,
220 581 326 666 posuit
355 601 397 646 ua
424 601 535 644 verum
564 577 691 664 quidem
715 586 767 642 est
788 599 828 642 ac
851 577 997 661 plenum3
1027 600 1131 667 nequo
1157 583 1243 647 euim
1268 587 1322 649 de·

219 690 414 774 monstratio
435 697 468 758 er
490 688 636 756 delinitio
659 688 755 754 unica
775 697 851 752 sunt
870 691 1087 770 cognoscendi
1107 713 1242 775 genera,
1266 696 1323 758 sed

219 801 346 868 accedit
360 800 491 866 tortium
508 819 612 882 genus
634 797 837 864 inductionis,
871 795 935 862 His
957 802 998 864 de
1009 800 1138 864 caussis
1153 802 1200 864 ita
1215 824 1323 866 emcn-

219 915 362 977 dandum
385 910 489 976 locmn
512 907 652 972 arbitror
673 915 709 970 ut
724 907 885 992 particula
906 913 958 972 καί
979 918 1057 975 anta
1079 914 1099 996 ἢ
1121 911 1168 974 δι’
1187 909 1324 996 ὁρισμῶν

216 1021 461 1106 interponatur,
488 1037 550 1104 qno
577 1017 665 1082 facto
694 1019 793 1082 etiam
821 1037 893 1096 cum
923 1021 1081 1102 proximis
1109 1021 1217 1086 r‘erbis
1243 1022 1323 1086 haec

218 1132 320 1197 nmlfo
353 1129 460 1214 aptius
492 1129 716 1194 cohaerebunt
737 1135 771 1192 et
792 1129 1106 1213 concinent,·quam
1143 1155 1161 1194 c
1189 1131 1323 1215 vulgata

218 1249 329 1306 textus
344 1241 520 1322 scriptura:
537 1245 626 1302 πᾶσα
639 1241 777 1321 μάθησις
793 1237 849 1300 διὰ
862 1237 1176 1322 προγιγνωσκομένων
1189 1277 1245 1314 -—,
1261 1247 1324 1304 aori

218 1350 306 1437 ride*
335 1350 527 1428 ἀποδείξεως
554 1346 656 1432 καὶὴ
686 1347 733 1410 δι’
761 1346 910 1429 ὁρισμῶν·
939 1348 991 1412 det
1009 1348 1071 1432 γὰρ
1092 1348 1126 1425 ἐξ
1147 1343 1193 1414 ὥν
1214 1348 1232 1412 ὁ
1256 1347 1323 1432 ὁρι-

219 1462 295 1544 σμὸς
309 1458 490 1543 προειδέναι
503 1463 558 1522 καὶ
577 1460 659 1522 εἶναι
680 1458 835 1539 γνώριμα·
857 1451 974 1538 ὁμοίως
996 1457 1032 1521 δὲ
1053 1463 1115 1521 καὶ
1136 1456 1155 1542 ἢ
1177 1459 1221 1521 δι’
1244 1459 1324 1526 ἐνια-

217 1575 326 1652 μωμῆς.
346 1585 388 1612 -’
412 1567 604 1630 Alexander
624 1567 700 1649 quid
725 1565 874 1630 intexta
898 1566 1046 1634 hahuerit
1068 1569 1198 1645 exejus
1225 1567 1322 1632 intor-

219 1676 403 1764 pretationc
419 1695 481 1738 non
498 1674 580 1738 satis
595 1682 687 1738 certo
701 1676 852 1757 cognosci
869 1682 993 1758 potest3
1017 1677 1196 1742 etenimex
1211 1681 1320 1761 priore

217 1787 447 1873 explicationis
477 1793 572 1869 parte
593 1806 624 1869 p.
647 1787 795 1854 585b39.
825 1785 983 1866 suspicari
1010 1787 1117 1870 possis
1145 1808 1218 1851 eum
1248 1810 1321 1871 pur-

217 1899 334 1966 ticnlas
358 1896 572 1976 disjunctivas
599 1895 666 1980 ἢ-ἥ
693 1894 724 1958 iu
748 1900 840 1958 textu
864 1894 1045 1980 invenisse,
1067 1898 1250 1980 posteriore
1272 1908 1320 1962 ta·
1378 1929 1381 1935 Α
1434 1911 1435 1918 ’

217 2033 292 2074 men
315 2010 462 2088 ejusdem
484 2003 715 2089 explicationis
736 2012 830 2089 purte
852 2027 883 2090 p.
906 2010 1130 2078 586a3-11,
1160 2030 1198 2074 ρο
1222 2011 1320 2072 (tortu.
1434 2099 1435 2108 ρ

217 2119 321 2200 caris,
356 2125 391 2180 ut
418 2137 491 2178 cum
520 2115 634 2178 eadem
662 2116 731 2179 fere
760 2114 876 2197 verba,
910 2137 994 2200 qnae
1022 2137 1082 2179 nos
1110 2118 1322 2200 restituimus,

217 2237 295 2295 unte
321 2223 433 2290 oculos
460 2223 611 2310 habuisse
638 2231 743 2309 putes.
800 2223 910 2294 (lame
944 2233 1093 2289 neutram
1129 2229 1160 2288 in
1191 2237 1319 2308 partem

217 2342 289 2421 ejrts
310 2335 490 2402 auctoritas
511 2333 639 2400 videtur
662 2333 824 2418 interponi
848 2353 953 2416 posse.

302 2455 342 2523 Β,
363 2451 394 2516 d.
419 2467 448 2528 p.
474 2451 643 2515 1001a28.
672 2444 741 2528 (ar.
763 2453 818 2526 56,
833 2445 885 2527 82)
932 2423 1087 2508 Veterum
1111 2444 1319 2530 plrilosoplro-

212 2577 293 2623 rum·
309 2555 367 2648 alii
391 2577 487 2618 rmmn
516 2563 549 2618 et
579 2577 637 2618 ens
664 2555 696 2616 iu
725 2553 892 2637 principiis
918 2574 1025 2619 rerum
1055 2555 1101 2617 ita
1129 2566 1320 2639 punierunt,
1434 2593 1435 2658 ρ

216 2679 252 2733 nt
280 2665 481 2730 substantias
508 2685 581 2726 csse
610 2670 810 2746 statuerent,
838 2662 895 2726 alii
923 2663 969 2728 ita
996 2673 1031 2728 ut
1060 2668 1101 2730 ad
1129 2666 1216 2732 aliud
1244 2669 1320 2730 sub·

216 2783 354 2844 stratum
377 2771 541 2838 rcierrcut
561 2768 605 2847 ὥς
625 2770 826 2856 ὑποκειμένης
853 2773 949 2858 ἄλλης
975 2777 1098 2858 φύσεως
1120 2797 1150 2860 p.
1174 2784 1319 2848 1001n8.

217 2885 284 2971 (Of,
301 2904 401 2967 supra
414 2905 444 2967 p.
460 2884 537 2959 dd).
572 2879 769 2954 Aristotcles
792 2885 832 2946 de
855 2883 1161 2950 haccontrouersia
1183 2888 1230 2950 ita
1252 2887 1317 2952 dis·
1434 2943 1435 2964 ,

217 2997 313 3080 serit,
340 2992 569 3060 ut'dialectico
591 2990 666 3078 quid
689 3013 730 3054 cx
759 2998 894 3076 utraque
917 2995 1081 3060 sententia
1103 3005 1319 3082 consequatur

216 3113 369 3193 exponat.
414 3105 443 3168 si
469 3103 502 3167 δ’
529 3102 602 3167 ἔστι
621 3125 650 3165 τι
678 3101 757 3166 oded
785 3107 821 3164 ἓν
846 3093 899 3166 καὶ
925 3103 978 3177 ὅν,
1005 3104 1181 3185 ἀναγκαῖον
1204 3103 1316 3168 οὐσίαν

190 3216 321 3281 ἀὐτῶν
343 3217 424 3280 εἶναι
444 3213 480 3278 ed
503 3217 538 3276 ἓν
559 3217 611 3279 καὶ
632 3212 670 3278 τὸἸ
691 3213 743 3276 ὅν·
766 3211 805 3276 οὐ
821 3212 882 3296 γὰρ
903 3215 1010 3296 ἕτερον
1024 3236 1054 3276 τι
1067 3217 1209 3280 καθόλου
1224 3207 1320 3298 ματρ-

206 3335 359 3408 ·μορεῖτὀι,
382 3322 587 3386 ἄλλοταῦτα
609 3319 702 3386 αὐτοὶ.
736 3320 832 3384 Prior
854 3322 1017 3386 ontmciati
1036 3346 1118 3414 pars
1141 3325 1245 3390 facilis
1267 3333 1318 3389 est.

214 3436 257 3500 ad
279 3431 541 3516 intelligendum:
570 3430 597 3494 si
625 3431 700 3516 qnid
728 3439 779 3496 est
806 3433 910 3517 ipsum
938 3455 1036 3498 unum
1061 3442 1094 3497 ct
1117 3434 1220 3516 ipsum
1245 3457 1318 3530 ene,
1434 3505 1435 3514 ρ

213 3549 343 3632 oportet
364 3563 461 3606 unum
485 3548 518 3605 et
540 3563 599 3606 ens
621 3542 824 3624 substantias
846 3563 928 3612 esse.
973 3543 1201 3610 Substantiam
1216 3544 1317 3626 cuim,
1434 3561 1435 3564 ’

214 3655 340 3729 οὐσίαν,
367 3650 431 3718 dici
459 3659 568 3716 notum
599 3659 650 3716 est
679 3652 709 3715 id
738 3641 820 3737 quod
850 3649 930 3716 adro
956 3658 1035 3715 καθ’
1063 3651 1142 3719 αὑτό
1164 3651 1331 3718 exsistat.'

213 3765 280 3830 Sed
307 3763 382 3848 qnid
411 3759 595 3846 significant
628 3761 777 3843 proxima
808 3760 909 3826 verba
941 3784 1056 3846 neque
1088 3761 1180 3822 enim
1213 3762 1321 3828 uliud

212 3879 377 3939 reuiuerre
404 3871 654 3955 praedicatur,
686 3873 748 3934 red
772 3870 856 3936 duco
882 3875 961 3958 ι’μιο
987 3869 1331 3958 citramontana.

212 4003 316 4065 nsque
345 4003 387 4045 ex
413 3978 595 4043 Alexandri
630 3981 883 4065 corrrrncntario‚
916 3983 993 4044 lieet
1021 3984 1113 4044 duas
1131 3981 1315 4068 explicandi
1434 3995 1435 4008 ¹

212 4091 357 4154 rationes
393 4087 514 4173 optioni
557 4095 741 4172 proponat,
789 4092 871 4155 curti
912 4090 1086 4175 quidquam
1128 4095 1323 4178 depromas..
