2898 4494
535 361 554 394 ο
1216 282 1260 352 77

160 455 268 537 limus,
291 449 485 518 Aristoteles
507 447 695 515 Platonicos
717 447 797 515 nibil
820 447 907 514 aliud
929 471 1025 538 qnam
1048 450 1168 535 nugmi
1184 450 1262 518 (licit
1310 499 1312 502 -

160 573 195 631 et
222 563 422 649 metaphoris
447 561 583 648 poeticis
611 561 719 642 abuti,
750 561 838 646 quod·
861 560 951 625 ideas
976 563 1068 647 quasi
1098 565 1259 650 quaedam

161 675 363 762 exemplaria
378 693 464 752 ,csse
491 679 652 758 statuant,
686 693 821 760 querum
848 673 891 736 ad
925 673 1169 739 similitudinem
1203 695 1259 740 res

161 786 342 872 singulares
365 784 568 850 luctaesiut.
609 789 639 850 τί
658 787 719 876 γᾴρ
741 785 804 848 ἐστι
818 782 854 848 ed
875 782 1081 868 ἐργαζόμενον
1102 785 1181 870 πρὸς
1201 787 1259 862 τας

158 898 244 974 ἰδέας
271 895 465 979 ἄποβλέπονς
502 895 658 977 ἐνδέχεταί
684 919 717 958 τε
745 899 797 958 καὶ
823 897 985 975 γίγνεσθαι
1013 891 1120 959 ὁτιοῦν
1145 901 1196 960 καὶ
1216 897 1258 983 pa)

157 1007 369 1088 εἰκαζόμενον,
397 1008 483 1069 ὥστε
499 1008 552 1066 καὶ
578 1004 670 1078 ὄντος
690 1008 871 1088 Σωκράτους
895 1005 1010 1091 καὶμὴ
1031 1004 1123 1080 ὄντος
1143 1009 1259 1085 renovo,
1354 1047 1355 1050 =

158 1121 202 1181 ἂν
225 1114 292 1180 οἷον
305 1117 476 1200 Σωκράτης.
513 1113 566 1177 ux
589 1114 660 1198 ipso
683 1112 864 1178 sententiae
885 1135 972 1179 nexu
994 1123 1028 1180 et
1050 1116 1192 1181 maxime
1214 1139 1257 1182 cx

158 1226 308 1312 exemplo
331 1245 392 1311 quo
414 1247 483 1290 rem
506 1223 660 1308 illustrat,
682 1243 779 1309 posse
801 1221 944 1307 aliquem
964 1245 1037 1288 esse
1058 1225 1158 1291 talem
1181 1249 1258 1313 qua-

157 1337 198 1403 lis
222 1336 387 1421 Socrates,
410 1337 478 1402 sive
501 1336 543 1400 sit
565 1335 634 1419 ipse
657 1334 810 1398 Socrates
831 1333 901 1398 sive
924 1354 987 1397 non
1010 1335 1071 1416 sit,
1098 1337 1259 1405 excidisse

69 1507 73 1526 ,
158 1449 278 1533 aliquid
300 1454 439 1530 apparet
461 1433 495 1510 iu
523 1446 632 1511 verbis
659 1443 877 1529 superioribus
899 1444 1056 1526 ἐνδέχεται
1075 1481 1119 1494 -
1140 1447 1259 1522 eiacl'-

157 1579 262 1642 μενον.
305 1556 379 1632 Diei
403 1557 488 1622 enim
511 1562 655 1643 oportet:
686 1554 756 1620 fieri
783 1561 948 1640 potestat
976 1555 1095 1642 aliquid
1122 1559 1257 1625 simile

157 1669 200 1731 sit
220 1667 315 1732 alteri
337 1669 403 1752 rei,
432 1669 507 1733 licet
534 1689 598 1732 non
627 1669 669 1733 ad
697 1670 769 1750 ejus
797 1659 1038 1734 similitudinem
1060 1666 1179 1734 factum
1203 1671 1256 1738 sit.

157 1777 257 1851 Quod
277 1779 382 1864 ipsum
410 1800 505 1865 quum
524 1779 664 1864 legatur
697 1779 777 1843 libro
810 1777 914 1860 primo
948 1778 1086 1859 ὅμοιον
1115 1773 1258 1845 ὁτιοῦν

155 1895 196 1966 A,
218 1897 308 1974 lap.
330 1896 486 1975 991a24,
520 1898 555 1954 et
586 1909 682 1974 quum
716 1891 827 1969 ὅμοιον
854 1892 986 1970 propter
1014 1885 1255 1954 similitudinem

155 2001 294 2083 proximi
326 2000 475 2066 vocabuli
503 1996 601 2061 facile
624 1995 791 2062 obliterari
812 1995 975 2080 potuerit,
1002 2016 1067 2060 uon
1096 1997 1258 2065 dubitabi-

156 2129 228 2174 mus
256 2111 369 2192 ὅμοιον
395 2108 485 2173 illinc
517 2107 579 2172 bac
611 2107 710 2172 etiam
738 2105 952 2173 transferre·
983 2104 1048 2170 Pro
1076 2108 1145 2174 olor
1171 2110 1256 2178 libro

155 2219 261 2305 primo
283 2241 313 2303 p.
336 2227 485 2292 991a26.
507 2217 627 2303 legitur
648 2218 779 2303 οἷόςπερ,
801 2221 909 2304 aptius
931 2218 1090 2305 profecto,
1113 2228 1147 2286 ct
1171 2224 1256 2291 baud

156 2330 222 2395 scio
235 2351 286 2394 au
310 2327 373 2395 boc
395 2330 465 2395 loco
488 2329 553 2407 οἷος
574 2337 664 2396 certe
686 2330 920 2395 restituendum
945 2331 996 2396 sit.
1017 2366 1061 2379 -
1081 2331 1160 2396 dnm
1175 2357 1255 2402 roro

153 2443 205 2506 his
226 2442 333 2507 verbis
356 2440 553 2506 Aristoteles
575 2439 684 2524 pergit
706 2437 819 2521 ὁμοίως
841 2438 877 2502 δὲ
899 2439 996 2525 δῆλον
1018 2443 1066 2506 ὅτι
1086 2445 1148 2508 κᾶν
1169 2443 1256 2530 εἴηὸ

152 2555 315 2637 Σωκράτης
346 2552 464 2628 ἀΐδιος,
496 2550 584 2614 ἔσται
615 2573 648 2613 τε
676 2549 770 2614 nato
791 2549 1032 2634 παραδείγματα
1059 2557 1117 2617 rori
1143 2551 1253 2630 αὐτοῦ,

153 2663 231 2726 ὥστε
251 2669 303 2727 καὶ
324 2661 399 2746 εἴδη,
422 2660 490 2725 οἷον
510 2663 568 2725 τοῦ
582 2658 756 2746 ἀνθρώπου
770 2659 805 2724 at
828 2658 906 2748 ζῷον
918 2664 972 2724 καὶ
986 2661 1022 2726 od
1038 2661 1161 2742 δίπουν,
1183 2665 1253 2750 ἅμα

155 2773 191 2836 δὲ
218 2779 271 2837 ναὶ
299 2771 558 2856 αὐτοάνθρωπος.
611 2769 769 2836 Dedimus
802 2770 883 2837 baec
916 2772 1018 2838 verba
1052 2775 1146 2841 sicuti
1176 2775 1252 2844 libr.

154 2879 252 2949 Xlll.
281 2882 475 2947 exhibentur
503 2903 534 2966 p.
559 2882 725 2955 107bb30.
755 2881 823 2967 (lle.
844 2891 928 2966 269,
954 2888 1015 2966 9.);
1052 2879 1149 2965 primi
1177 2878 1253 2946 libri

154 2992 315 3077 scriptura
341 3015 373 3080 p.
400 2999 565 3077 balaeo,
598 2993 625 3057 si
660 2994 837 3058 omittimus
870 2994 1039 3058 articulum
1073 2991 1140 3057 illic
1173 2997 1252 3056 anto

151 3103 404 3191 αὐτοάνθρωπος
434 3105 592 3190 positum,
633 3125 672 3172 eo
706 3105 882 3190 praecipue
914 3103 1040 3188 differt,
1074 3104 1159 3188 quod
1192 3123 1251 3186 pro

151 3218 212 3278 nde
234 3219 280 3298 εἴη
302 3219 457 3300 scriptum
486 3222 536 3281 est
563 3217 625 3282 xciv
647 3214 742 3302 εΐῆν.
785 3215 852 3280 Sed
874 3222 981 3278 utram
1010 3213 1182 3280 lectionem
1204 3212 1251 3278 al·

152 3324 215 3388 leri
236 3323 444 3409 praetuleris,
466 3325 556 3391 nulle
579 3329 673 3392 modo
697 3325 837 3392 inveniri
860 3327 990 3412 poterit,
1012 3327 1171 3412 quomodo
1187 3325 1252 3410 pri·

152 3455 211 3498 ora
238 3432 340 3499 verba
366 3431 481 3517 ὁμοίως
506 3469 549 3482 -
577 3431 681 3510 ἀΐδιος
707 3444 741 3502 et
768 3436 949 3522 posteriora
976 3435 1064 3502 ἔσται
1083 3473 1127 3486 --
1154 3435 1258 3500 adro*

151 3546 323 3629 ἄνθρωπος
354 3544 440 3608 inter
476 3564 512 3608 sc
545 3544 752 3609 cohaereant.
805 3547 889 3612 Nam
921 3547 1016 3632 plura
1048 3546 1254 3632 exemplaria

152 3657 297 3734 ejusdem
319 3654 367 3717 rei
390 3660 534 3720 statuere
556 3654 702 3721 idearum
725 3662 875 3720 auctores
897 3679 936 3721 eo
958 3658 1143 3744 adiguntur,
1165 3658 1249 3742 quod

151 3764 300 3830 notiones
326 3763 530 3830 universales
557 3773 719 3853 tamquam
751 3787 805 3832 res
833 3767 1016 3853 singulares
1038 3769 1186 3834 absolute
1208 3785 1249 3830 ac

151 3895 213 3961 per
234 3897 269 3940 oe
291 3899 364 3942 esse
385 3882 533 3958 censent,
556 3899 658 3962 noque
681 3898 759 3943 vero
781 3881 863 3964 quod
886 3880 926 3946 iis
948 3882 1176 3948 aeternitatem
1191 3874 1250 3940 tri-

151 3984 263 4050 buunt·
305 3985 546 4072 Exemplarium
571 3990 715 4070 ejusdem
744 3989 791 4054 rei
814 3990 983 4056 multitudo
1011 3985 1088 4051 nibil
1116 3985 1247 4050 omuino
1444 4045 1446 4050 .

150 4095 293 4188 pertinet
314 4099 354 4162 ad
376 4097 523 4190 idearum
538 4099 777 4188 aeternamm,
799 4123 903 4188 neque
917 4096 1023 4178 magis
1037 4094 1139 4162 verba
1159 4095 1277 4160 ἔσται·
1441 4131 1446 4218 p
