2898 4494
1158 265 1222 334 ›ldtt

125 444 202 522 pe'rs
223 441 274 499 'est
296 433 442 518 rnejorie,
463 431 537 497 inde
557 429 775 517 eonseqnitnr,
798 436 836 494 nt
856 428 953 494 hono
974 449 1054 516 pars
1074 430 1117 494 sit
1134 431 1221 519 eqni,

124 547 282 634 siquidem
309 542 537 632 quaternarius
563 561 721 608 numerus
747 540 863 608 idealis
895 541 971 608 idae
1002 549 1057 608 eet
1083 541 1222 624 alienius

125 657 225 725 veluti
248 655 395 744 eqni'nel
417 653 494 741 athi,
517 652 660 719 binarius
681 675 759 721 vero
781 651 929 718 hominia

624 1313 702 1450 iv·

132 1569 137 1577 ·
211 1541 263 1606 Ex
286 1531 335 1606 his
356 1539 437 1606 loeis
459 1538 539 1605 satie
554 1538 734 1626 apparebit,
756 1545 909 1626 qnantum
927 1541 969 1604 ad
984 1543 1222 1610 emendandum

125 1650 314 1719 Aristotelis
342 1659 466 1717 textum
494 1632 624 1717 veteres
651 1657 922 1716 commentatores
949 1651 1097 1737 redeant,
1124 1675 1224 1740 queas

127 1771 257 1849 tnmqne
278 1763 416 1828 fruetum
437 1761 633 1827 novissimae
648 1761 799 1826 editionis
814 1761 997 1826 conditores
1011 1763 1086 1828 inde
1100 1783 1223 1849 oepere

125 1875 300 1960 potuerint,
334 1875 360 1938 si
383 1873 500 1939 edendi
529 1879 562 1936 et
595 1870 777 1954 explieendi
798 1869 979 1955 philosophi
1001 1893 1133 1956 operam
1155 1896 1223 1940 non

124 2005 258 2070 prorsus
280 1983 520 2064 sejunxissent,
548 1981 605 2045 sed
633 1980 706 2064 ipse
732 1979 1001 2064 interpretatione
1030 1985 1222 2050 adtentum

126 2095 241 2160 melius
263 2091 519 2158 eonstituendum
542 2089 592 2155 usi
614 2077 737 2157 essent,
769 2091 863 2163 Quod
883 2113 981 2186 qnam
1003 2095 1157 2186 omissum
1180 2096 1223 2162 sit

125 2204 166 2269 eb
188 2203 253 2268 diis
276 2203 354 2268 viris
376 2201 569 2268 doctissimis
591 2223 707 2268 vereor
729 2208 764 2267 at
785 2203 952 2289 qnisquam
975 2203 1072 2288 plene
1088 2229 1127 2272 ee
1147 2229 1221 2292 per·

124 2313 209 2381 feete
232 2314 383 2400 supplere
406 2313 524 2400 possit,
546 2313 608 2377 nisi
630 2335 762 2399 operam
781 2314 947 2394 ingentem
969 2315 1131 2403 taediique
1150 2318 1221 2404 ples

124 2449 217 2512 nam,
244 2446 339 2514 quam
361 2423 409 2490 illi
432 2424 700 2504 exantleverunt,
730 2424 867 2487 eandem
891 2424 995 2488 denuo
1017 2426 1106 2492 inse
1131 2449 1221 2496 reee-

123 2539 218 2624 perit.
254 2537 382 2602 Etenim
405 2538 488 2622 quod
502 2529 725 2598 commentarii
747 2548 811 2594 non
832 2532 963 2616 integri,
984 2537 1043 2600 sed
1066 2547 1222 2625 excerpta
1242 2517 1245 2544 '

124 2669 168 2713 en
190 2648 231 2712 iis
252 2647 385 2713 editioni
407 2646 537 2724 edjeete
565 2649 658 2726 snat,
684 2642 943 2726 interpretationi
971 2647 1099 2732 quidem
1126 2671 1222 2734 prem

125 2758 305 2822 clarissime
316 2753 480 2838 provisum
491 2752 630 2836 videtur,
648 2759 682 2818 m
692 2749 831 2818 leotoree
846 2753 1017 2838 potissima
1028 2779 1174 2846 quaeque
1186 2768 1221 2828 et

124 2865 320 2950 gravissime
342 2885 383 2929 ex
405 2865 672 2949 interpretatione
686 2870 832 2928 veterum
849 2864 881 2927 in
897 2875 1048 2952 promptu
1064 2871 1220 2958 heheent,

10 3017 11 3024 κ
125 2995 231 3062 neque
249 2995 357 3040 eornm
381 2975 580 3041 verbositate
602 2995 641 3040 ee
661 2974 757 3057 nugis
772 2974 960 3060 fatigentur,
982 2981 1039 3043 sed
1055 2979 1220 3052 haudsoio

124 3106 167 3149 en
202 3085 284 3151 haee
317 3078 512 3172 excerpendi
545 3086 630 3150 ratio
661 3083 772 3152 eritieo
803 3085 874 3151 usui
906 3108 1020 3172 parum
1052 3097 1132 3175 epte
1164 3092 1221 3174 site

123 3215 227 3282 neque
254 3195 338 3262 enim
367 3198 487 3263 dubito»
504 3195 579 3284 quin
601 3195 718 3260 multis
744 3194 843 3277 loeis,
875 3196 930 3261 nbi
960 3197 1013 3265 vel
1044 3200 1135 3266 nulla
1164 3205 1219 3274 ,vel

122 3328 187 3373 non
211 3306 341 3390 integra
361 3314 506 3372 veterum
520 3306 758 3392 interpretatio
778 3304 967 3391 exhibetur,
990 3309 1031 3374 de
1053 3309 1124 3394 ipso
1144 3312 1219 3380 Ari.
1272 3304 1275 3311 ’

123 3417 250 3483 stotelis
278 3423 369 3482 textu
397 3415 621 3481 constituendo
654 3415 774 3501 aliquid
805 3417 881 3486 inde
906 3417 958 3482 vel
986 3423 1137 3504 eognosei
1165 3425 1219 3492 vet

123 3529 237 3610 oonjiei
264 3529 376 3615 possit.
430 3525 610 3591 Praeterea
636 3523 665 3587 is
686 3526 796 3612 reice,
824 3528 878 3615 qni
905 3529 1053 3596 omnihus
1079 3532 1111 3598 in
1139 3534 1219 3610 loeis

123 3641 268 3705 codicum
290 3639 578 3722 manuseriptornm
599 3633 758 3702 leetiones
779 3657 851 3702 eum
874 3659 913 3705 ao
935 3647 1028 3707 textu
1048 3665 1216 3730 eomparm

122 3751 220 3832 verit,
243 3771 336 3837 quem
359 3754 628 3813 eommentetores
651 3754 728 3812 ante
750 3745 1030 3818 oeuloshehuisse
1045 3777 1088 3820 ex
1103 3777 1215 3824 eorum

123 3860 393 3943 interpretatione
421 3857 604 3942 intelliges,
631 3860 673 3924 de
700 3859 894 3938 auctoritate
920 3865 1064 3930 oodionm
1090 3873 1215 3937 eertum

119 3970 275 4052 judicium
297 3971 384 4036 ferre
406 3978 439 4036 et
460 3969 615 4034 eooedere
637 3970 678 4033 ed
699 3972 860 4055 quendam
882 3947 991 4037 tennis
1011 3973 1214 4046 Aristoteliei

122 4081 291 4152 historiam
317 4081 452 4168 poterit,
478 4081 560 4168 quod
587 4079 717 4168 quidem
743 4081 975 4153 extentam
999 4081 1149 4165 lectionis
1177 4087 1211 4154 in
