2906 4500
180 269 203 337 8

181 432 282 502 tionis
298 428 486 499 necessario
501 427 705 495 adhibendus
726 426 789 493 crit
805 427 834 492 ir
856 428 938 492 artis
959 403 1094 520 criticae
1114 449 1209 512 osus,
1232 447 1287 514 qm

182 564 205 608 a
224 543 365 630 repetita
388 540 575 628 philosophi
598 537 738 604 lectione
760 546 795 603 et
814 537 962 622 diligenti
977 536 1288 624 ojusphilosophine

182 654 289 718 studio
312 659 493 738 repetatur,
514 671 555 717 ac
575 657 644 714 tam
666 655 740 712 arte
762 647 849 714 inter
870 665 906 713 se
922 649 1100 716 cohaerent
1115 649 1288 715 vorborum

183 762 371 837 emendatio
385 769 419 830 et
434 759 658 848 philosophiae
674 757 864 846 Aristotelis
884 759 1039 843 cognitio,
1058 765 1093 824 ut
1113 757 1185 824 sine
1205 757 1288 822 niri-

184 891 286 958 nsqne
309 871 504 938 detrimento
526 869 634 934 altera
655 869 698 933 ab
720 868 828 934 altera
843 868 971 958 sejungi
987 874 1136 954 nequeat.
1174 867 1289 953 ltaque
1404 921 1407 927 ,

183 1002 250 1046 non
272 983 429 1048 taedebat
451 1001 503 1065 ea,
524 999 609 1066 quac
631 1000 691 1064 per
710 1001 749 1044 sa
771 997 874 1063 parva
896 986 930 1042 at
950 978 1071 1064 exiguo
1093 981 1179 1060 jura
1192 976 1291 1042 habc-

184 1099 302 1176 antur,
330 1092 417 1176 apud
443 1089 587 1154 animum
614 1089 748 1156 volvere
777 1094 811 1152 et
832 1087 1018 1168 revolverc3
1045 1101 1181 1170 sperare
1202 1087 1289 1152 enim

184 1207 354 1284 poteram,
381 1202 424 1265 ad
450 1199 688 1285 philosophiam
709 1193 900 1259 Aristotelis
924 1198 1183 1279 cognoscendam
1206 1197 1292 1267 hanc

186 1329 320 1395 operam
343 1329 408 1374 non
432 1329 566 1394 prorsus
588 1305 735 1370 inutilem
757 1305 838 1370 fora.

106 1403 115 1416 l
273 1417 415 1484 Secutus
437 1437 527 1498 sure,
555 1423 590 1480 ut
612 1437 674 1501 par
696 1422 765 1499 est,
792 1415 825 1478 in
849 1413 1067 1500 proponendis
1093 1413 1291 1480 emendatio·

186 1527 281 1593 nihns
302 1526 430 1590 textum
453 1523 613 1611 holthem,
640 1525 786 1589 adhibita
807 1523 924 1609 ubique
946 1523 1110 1590 Brundisii
1133 1524 1291 1607 aditionc3

187 1636 217 1699 oi
243 1633 319 1721 quid
347 1655 366 1698 c
395 1633 706 1700 commentatorihus
733 1654 754 1697 a
781 1633 956 1697 Brundisio
990 1635 1086 1700 editis
1113 1637 1154 1699 ad
1182 1653 1293 1698 amen-

188 1747 297 1812 danda
318 1741 502 1829 philosophi
524 1744 625 1810 verha
646 1743 811 1830 pertinere
840 1742 1020 1828 videratur,
1047 1744 1202 1828 religiose
1224 1743 1293 1808 uhi·

188 1875 251 1941 quo
273 1853 443 1934 adnotavi3
465 1854 600 1920 necrol
623 1851 790 1936 Sylhurgii
813 1853 1063 1930 adnotationem
1075 1853 1220 1920 criticam
1244 1853 1293 1939 (in

189 1964 267 2033 edit.
296 1961 525 2028 chheliana.
550 1961 702 2029 Francos.
727 1963 847 2048 1585),
869 1962 922 2028 vol
943 1963 1151 2028 Bersarionis
1172 1963 1292 2030 versio-

189 2093 265 2138 nem
287 2071 460 2154 Latinam,
486 2087 585 2156 qnum
613 2072 775 2136 interdum
800 2071 970 2138 meliorem
991 2073 1163 2140 lectionem
1186 2072 1295 2158 expri-

190 2201 281 2246 mere
308 2179 475 2262 rideatur‚
509 2199 702 2262 comparare
735 2181 840 2245 omisi.
895 2182 1020 2253 Quodsi
1053 2186 1180 2268 quando
1200 2183 1295 2247 'mim

191 2288 364 2374 acciderit,
391 2293 428 2352 ut
453 2287 714 2354 emendationem
739 2288 781 2353 ab
803 2287 869 2352 alio
892 2291 963 2369 jam
985 2291 1187 2375 propositam
1211 2300 1294 2358 tam·

191 2417 287 2484 quarn
311 2419 417 2466 meam
440 2397 605 2483 afferrem,
632 2397 665 2465 id
687 2397 785 2464 velim
807 2396 901 2483 acqui
922 2397 1047 2485 judices
1068 2399 1217 2466 inscitiae
1238 2399 1294 2464 tri·

192 2508 311 2595 boant,
332 2528 398 2575 non
419 2507 537 2576 fraudi.

177 3075 179 3079 ·
282 3057 460 3124 Ordiamur
481 3059 524 3123 ab
543 3057 585 3120 iis
607 3056 707 3141 locis,
739 3053 793 3141 qni
815 3055 983 3123 lenissima
1006 3058 1153 3142 medela,
1186 3059 1298 3124 distin-

196 3167 304 3234 ctione
333 3174 458 3232 tantum
482 3171 626 3252 mutata,
653 3166 804 3233 videntur
826 3167 937 3232 sanari
959 3188 1066 3252 posse.
1105 3166 1204 3240 Quod
1231 3170 1299 3255 qui-

198 3280 272 3343 dem
305 3287 409 3363 genus
441 3277 635 3342 emendandi
668 3297 765 3364 qnam
798 3275 866 3342 late
898 3285 1013 3360 potent
1044 3277 1077 3342 in
1110 3277 1300 3344 Aristotelis

196 3393 291 3454 textu
312 3387 434 3474 rectius
454 3386 692 3470 constituendo,
713 3407 792 3452 vcra
815 3394 849 3452 ct
871 3395 1065 3452 monuerunt
1085 3395 1119 3454 et
1139 3389 1300 3473 exemplis

199 3496 382 3562 docuerunt
414 3495 592 3560 doctissimi
623 3495 815 3563 Aristotelio
848 3497 1045 3581 interpretes
1070 3497 1110 3580 ¹).
1139 3540 1141 3548 ι
1169 3496 1300 3562 Etenim

197 3625 295 3691 quum
316 3603 514 3669 Aristoteles
536 3612 571 3670 ct
591 3603 726 3694 reliquis
748 3606 781 3670 in
796 3605 894 3670 lihris
916 3614 950 3671 ct
976 3605 1151 3690 praecipue
1164 3607 1205 3670 in
1233 3606 1301 3692 ple·

199 3715 310 3801 risque
337 3713 632 3800 metaphysioorum
664 3715 814 3800 portibus
842 3735 963 3798 genere
1000 3715 1162 3781 scribendi
1190 3723 1302 3784 utatur

269 3967 296 4034 l)
314 3965 355 4021 cf.
371 3965 598 4035 Troadolenburg‚
615 3967 709 4022 Rhein.
729 3967 795 4022 Mus.
815 3972 888 4024 1828.
906 3969 953 4026 lv.
971 3987 1031 4040 pag.
1048 3975 1108 4026 tot.
1127 4005 1161 4016 -
1180 3971 1302 4040 Krische,

203 4046 325 4118 aotmg.
341 4049 374 4106 G.
391 4054 422 4109 A.
441 4055 517 4109 maa
536 4049 585 4107 111.
602 4069 662 4122 pag.
680 4055 756 4108 1888.
774 4067 832 4125 sqq.
