2906 4500
1174 308 1220 376 dd

133 495 246 562 passe,
278 471 331 539 ubi
363 476 397 538 et
429 455 630 542 librariorum
664 491 808 536 ormnem
840 469 994 540 facillime
1025 491 1161 538 excuses
1188 481 1224 540 et

133 585 377 653 emendationes
403 582 460 650 uix
486 583 528 647 ad
556 581 712 648 incertum
738 583 943 672 conjecturae
964 602 1067 668 genus
1089 581 1225 652 referes.

134 696 300 778 Ejusmodi
327 701 377 762 est
398 699 438 768 N,
459 698 491 776 d,
513 712 544 777 p.
567 695 713 774 lddlhl.
737 693 807 778 (nr.
829 699 905 778 301,
926 693 972 778 2.)
1016 694 1154 766 Quaerit
1181 693 1227 760 ihi

134 805 348 890 Aristoteles,
379 803 530 888 exposita
562 811 596 870 et
628 805 804 886 dijudicata
835 823 1039 870 numerorum
1066 805 1228 889 doctrine,

134 925 239 984 utrum
263 918 297 982 id
318 915 401 1001 quod
424 914 541 978 bonnm
563 920 598 978 et
618 915 784 999 pulchrum
807 937 866 1001 per
888 937 924 980 eo
945 923 997 981 est
1020 916 1052 980 in
1075 915 1154 1001 ipsis
1176 935 1228 982 re-

133 1047 204 1094 rnm
228 1025 394 1113 principiis
415 1025 597 1109 ponendum
620 1023 675 1107 ait,
698 1045 740 1087 an
763 1032 877 1112 postea
899 1009 1029 1092 demum
1051 1047 1110 1112 per
1130 1045 1227 1112 geno·

135 1137 274 1204 rationis
301 1138 467 1201 dvecorsnm
496 1111 639 1201 aeceddt.
689 1132 933 1219 Theologorum
960 1139 1135 1225 quosdam,
1166 1155 1229 1223 qno

136 1247 267 1312 nomino
289 1246 340 1312 hio
361 1245 587 1330 Pythagoreos
608 1251 642 1312 et
664 1242 882 1331 Speusippum
905 1247 1121 1333 significatu,
1145 1249 1231 1312 hunc

136 1357 343 1449 proposuisse
374 1357 585 1442 sententiam,
612 1364 648 1421 ut
675 1357 792 1423 bonum
821 1362 855 1422 et
877 1357 1047 1445 pulchrum
1070 1358 1187 1426 abessa
1209 1377 1232 1422 a

137 1467 303 1553 principiis
325 1474 358 1532 et
379 1473 543 1552 tamqnam
566 1465 727 1551 posterius
749 1469 904 1534 accedere
920 1465 1136 1560 (ὑστερογενῆ)
1167 1474 1234 1532 sta-

139 1584 277 1642 tuerent.
312 1567 404 1642 τοῦτο
426 1575 462 1640 δὲ
482 1582 635 1653 ποιοῦσιν,
655 1577 713 1662 ait,
735 1574 961 1662 εὐλαβούμενοι
981 1577 1136 1664 ἀληθινήν
1150 1577 1233 1644 δοσ-

136 1693 273 1774 χέρειον,
293 1689 314 1774 ἢ
335 1689 498 1772 συμβαίνει
515 1698 580 1762 τοῖς
598 1686 752 1769 λέγουσιν,
773 1689 876 1774 ὥσπερ
897 1689 984 1764 ἔνιοι,
1006 1687 1042 1753 od
1064 1693 1105 1752 ἓν
1126 1687 1233 1774 ἀρχήν.

139 1798 187 1862 At
214 1800 243 1862 si
268 1804 420 1865 verentur
449 1785 541 1862 boni
574 1805 725 1863 naturam
749 1818 872 1882 ponere
894 1797 927 1862 in
955 1795 1150 1882 principiis„
1171 1816 1238 1862 non
1353 1837 1364 1857 ι

139 1915 274 1994 possunt
302 1909 458 1974 deterreri
479 1907 555 1972 eliis
578 1907 840 1991 difficultatibus,
866 1905 929 1970 nisi
958 1905 999 1969 iis
1022 1927 1107 1992 quae
1129 1908 1235 1972 exori·
1294 1960 1298 1968 .

141 2027 239 2084 antur
271 2017 299 2081 si
338 2018 409 2102 quis
448 2018 591 2082 honum
629 2017 774 2103 posuerit
807 2016 844 2080 in
876 2014 1060 2103 principiis,
1098 2033 1162 2082 non
1195 2017 1236 2082 iis

141 2130 255 2215 quibus
281 2127 497 2209 impediantur
524 2124 576 2214 qui
604 2128 645 2194 cd
678 2130 720 2194 tv
746 2125 937 2213 principium
966 2147 1040 2193 esse
1068 2135 1236 2197 censeant.

142 2239 257 2326 ltaque
279 2236 481 2304 scribendum
505 2245 556 2303 est
576 2251 640 2316 τοῖς
659 2239 809 2321 λέγουσιν,
831 2241 934 2326 ὥσπερ
950 2237 1038 2317 ἔνιοι,
1059 2239 1095 2306 οδ
1117 2238 1159 2305 εδ
1179 2237 1241 2326 ap·

142 2353 209 2436 χήν.
254 2347 359 2421 Quam
383 2349 640 2416 emendationem
664 2349 785 2415 nemini
807 2351 929 2433 adhuc,
957 2352 1040 2433 quod
1062 2348 1182 2434 selom,
1202 2351 1238 2416 in

142 2467 284 2532 mentem
307 2461 434 2529 vertisse
456 2483 495 2526 eo
519 2461 625 2546 magis
648 2461 760 2542 miror,
781 2461 864 2543 qnod
885 2458 1042 2545 proximis
1062 2458 1170 2524 vorbis
1184 2456 1239 2524 vel

143 2571 329 2637 necessario
351 2573 393 2636 ad
414 2593 485 2636 eam
509 2570 581 2634 duoi
604 2569 764 2634 videmur:
793 2567 908 2632 ἔστιδ’
931 2566 948 2654 ἢ
970 2567 1175 2654 δυσχέρεια
1196 2566 1241 2632 od

145 2682 212 2747 διοὶ
237 2681 280 2748 οδ
307 2685 348 2773 τῇ
374 2679 538 2772 α’ρχῇοδ
566 2677 612 2763 εδ
635 2677 881 2744 ἀποδιδόναι
907 2675 950 2755 ὥς
975 2677 1131 2765 ὑπάρχον,
1158 2677 1242 2742 ἄλλα

145 2791 202 2856 διδ
228 2793 263 2857 οδ
284 2791 320 2855 ιδ
342 2795 377 2854 ἓν
398 2789 502 2882 ἀρχὴν
520 2795 572 2854 καὶ
598 2788 694 2876 ἀρχὴν
719 2788 763 2866 ὥς
789 2799 938 2872 στοιχεῖον
958 2788 1034 2868 nol„
1060 2787 1176 2876 quibus
1197 2787 1239 2856 el.

146 2902 284 2965 similem
317 2902 463 2982 ejusdem
491 2901 539 2966 rei
566 2901 802 2985 expositionem
830 2902 905 2971 bld
923 2920 988 2986 sqq.
1015 2901 1093 2965 ὥστε
1121 2899 1157 2964 οδ
1183 2903 1242 2982 μὲν

83 2983 98 3004 ’
146 3013 249 3100 φάναι
269 3012 333 3098 τήν
346 3011 442 3099 ἀρχὴν
463 3015 610 3098 eoladius
630 3016 712 3078 airon
740 3013 798 3096 (sc.
821 3011 856 3076 οδ
880 3009 929 3086 εὖ,
955 3009 991 3076 οδ
1014 3009 1158 3092 ἀγαθόν)
1187 3007 1242 3073 οδ-

144 3127 241 3203 λογον
261 3121 378 3209 ἀληθὲς
398 3127 487 3189 εἶναι·
509 3123 545 3189 ιδ
566 3127 671 3209 μέντοι
686 3123 832 3208 τοιαύτην
846 3123 927 3186 εῖναι
941 3119 976 3185 οδ
991 3123 1026 3184 ἕν
1038 3155 1082 3168 -
1094 3153 1138 3168 -
1159 3117 1242 3182 oidd-

146 3253 253 3300 νατον.
311 3233 351 3298 ln
377 3236 492 3300 tribus·
507 3237 600 3303 codd.
633 3233 819 3320 corruptela
854 3253 876 3296 a
908 3230 1017 3317 priore
1049 3228 1088 3296 ed
1118 3237 1242 3295 mutato

216 3520 244 3588 1)
272 3521 412 3594 διαλόγους
434 3521 591 3576 Aristoteles
614 3539 705 3576 omnes
728 3541 774 3578 eos
796 3532 887 3592 vocat,
914 3523 959 3596 qui
982 3524 1038 3578 siue
1060 3523 1162 3594 politice
1184 3523 1242 3576 sive

149 3603 328 3676 philosophice
347 3609 378 3660 de
396 3607 486 3678 primis
504 3624 591 3660 rerum
612 3606 748 3660 elementis
766 3625 796 3660 ao
813 3609 946 3678 principiis
965 3617 1089 3678 egerunt,
1115 3609 1150 3662 of.
1167 3615 1198 3674 A,
1217 3611 1243 3662 3.

149 3707 175 3758 p.
191 3690 316 3759 983an
333 3699 364 3760 B,
382 3695 408 3745 d.
426 3709 450 3762 p.
469 3695 593 3760 1000a93
611 3699 645 3758 A,
665 3695 711 3747 10.Ι
723 3709 748 3761 p.
766 3692 908 3760 muham
931 3691 1161 3761 (Brummerstiidt
1178 3693 1244 3747 iiber

149 3773 237 3829 luhalt
259 3777 306 3830 der
323 3775 386 3832 Met.
405 3777 451 3829 des
469 3777 548 3830 Arist.
567 3787 618 3832 eto.
634 3795 661 3847 p.
679 3777 730 3839 10.)
753 3776 831 3830 sicuti
854 3795 911 3832 eam
932 3779 1111 3849 philosophiae
1133 3791 1243 3848 partem,
1304 3767 1306 3772 ’

151 3875 227 3930 quarn
245 3879 292 3914 nos
311 3861 516 3932 rnetaphysioam
534 3861 653 3929 dicimus,
669 3861 724 3932 ipse
742 3861 891 3932 theologiae
903 3864 1008 3918 nomine
1020 3863 1158 3932 insignivit
1174 3867 1206 3925 Id,
1219 3866 1244 3915 1.

151 3961 177 4014 p.
197 3947 333 4010 rostaim
354 3951 391 4012 K,
409 3951 433 4000 7.
451 3964 477 4016 p.
496 3946 612 4001 loccha.
640 3946 792 4002 Alexander
809 3965 834 4018 p.
851 3935 969 4003 ooaa'et.
1003 3945 1063 4000 Hoc
1085 3947 1141 3997 loco
1163 3943 1244 4014 signi·

152 4027 226 4086 ficari
244 4025 425 4098 Pythagoreos
443 4043 470 4086 et
488 4029 661 4106 Speusippum
680 4042 789 4104 apparet
805 4031 865 4089 ooli.
881 4037 916 4103 A,
933 4037 959 4089 7.
976 4049 1001 4103 p·
1019 4027 1154 4083 1072'231.
