2898 4494
207 327 267 394 1⁰0

203 487 377 557 llekkerus
399 489 521 575 primas
541 489 674 556 sublata
695 473 837 554 eodieum
860 487 1046 554 confusione
1068 507 1179 554 verum
1202 487 1295 554 resti-
1412 571 1416 584 ι

203 603 274 668 tuit.
318 602 508 668 Alexander
535 623 599 666 non
627 602 736 664 dubito
765 599 838 686 quin
869 599 900 661 in
922 607 1015 666 textu
1043 619 1099 661 sno
1122 599 1153 663 id
1178 597 1295 665 halma·

203 713 247 780 rit
268 715 351 800 qnod
374 716 414 778 de
435 695 626 795 eonjeotura
647 711 734 794 dedi,
757 731 851 796 qurum
876 710 998 774 seribat
1027 709 1081 796 mlv
1106 707 1184 795 ὕλην
1210 710 1297 796 ζητεῖ,

203 829 270 899 πῶς
295 829 348 888 καὶ
372 822 437 889 dud
463 829 547 898 τίνος
572 823 733 906 κινηθεῖσα
759 825 885 902 γέγονεν
909 821 1007 906 ὅπερ
1033 821 1144 885 ἔστιν.
1171 841 1202 906 p.
1231 825 1297 892 772

202 941 262 1006 ab.
284 933 510 1004 -Proximis
537 932 570 998 in
601 931 706 996 verbis
728 931 814 996 haud
837 931 903 998 seio
932 953 974 996 un
1002 953 1061 1019 pro
1090 937 1178 1016 σῶμα
1204 936 1296 996 τοῦτο

203 1045 289 1108 vodt
315 1044 388 1126 ἔχον
416 1043 622 1107 scribendum
650 1041 693 1106 sit
721 1037 792 1107 aidi
813 1043 904 1125 ἔχον,’
923 1047 1080 1108 suadente
1108 1049 1142 1108 et
1169 1035 1295 1126 vulgari

203 1173 263 1218 usn
285 1157 318 1218 at
340 1153 608 1240 interpretatione
630 1151 809 1218 Alexandri
834 1151 889 1215 dael
910 1156 939 1215 al
960 1153 996 1216 ’τό
1018 1157 1108 1235 σῶμα
1129 1155 1216 1217 τουτὶ
1229 1149 1299 1216 uidi

203 1261 276 1346 ἔχον
297 1264 387 1328 ἐστίν.
411 1285 440 1349 p.
461 1269 591 1336 maz

259 1371 262 1378 ’
288 1379 331 1458 H,
353 1379 384 1444 3.
409 1395 439 1458 p.
463 1379 608 1446 ldddass.
632 1369 701 1456 (nr.
726 1375 799 1458 170,
819 1374 865 1457 7.)
888 1375 939 1437 καὶ
961 1371 1016 1436 τὸν
1037 1369 1176 1457 ἀριθμὸν
1191 1367 1299 1432 detst-

202 1488 259 1548 ναί
278 1505 308 1546 τι
327 1477 355 1570 ᾦ
375 1483 425 1557 εἷς,
447 1485 468 1547 t‘i
488 1483 548 1548 lev
569 1483 626 1549 orie
647 1483 751 1566 ἔχουσι
772 1484 871 1564 λέγειν
892 1487 951 1545 τίνι
972 1481 1022 1558 εἷς,
1044 1486 1129 1567 εἴπερ
1151 1481 1233 1543 ἐστὶν
1247 1477 1297 1554 εἷς.

202 1595 225 1676 ἢ
244 1592 306 1675 γὰρ
326 1590 385 1654 etin
405 1591 488 1654 ἔστιν
510 1591 579 1654 ἀλλ’
602 1592 670 1656 οἷον
690 1595 797 1677 σωρός,
818 1595 838 1678 ἢ
859 1597 944 1678 εἴπερ
967 1592 1042 1667 ἔστί,
1070 1591 1192 1654 λεκτέον
1213 1595 1242 1654 ei
1263 1589 1298 1652 τὸ

203 1703 318 1766 menotio
338 1707 374 1765 ἓν
395 1699 428 1764 ἐκ
449 1699 582 1765 πολλῶν.
623 1683 799 1765 Bessarion
822 1703 904 1786 quod
935 1701 1033 1766 vertit
1061 1714 1095 1764 et
1115 1721 1296 1764 premerem

204 1823 341 1898 eportet
353 1811 496 1897 aliquid
507 1833 590 1895 esre,
615 1834 683 1898 qno
698 1835 803 1894 rantur,
820 1803 1192 1902 uellleugstenbergius
1208 1807 1297 1876 auch

201 1925 263 1990 'do'e
284 1921 382 1988 Zadl
399 1942 491 1988 manas
512 1935 614 1988 elanus
635 1927 723 2008 aeia,
747 1918 910 1988 ntodurod
932 1927 982 1986 sle
1004 1925 1083 1986 εἰπε
1104 1923 1167 2003 iet,
1197 1922 1296 1985 verba

204 2052 300 2116 sane,
321 2035 405 2118 quae
428 2033 459 2094 in
482 2039 574 2096 textu
597 2043 684 2119 suut,
707 2035 861 2120 religiose
876 2034 1072 2120 exprimunt,
1096 2054 1225 2096 sensum
1241 2053 1297 2092 aru

205 2149 272 2209 tent
295 2162 422 2205 ornnem
447 2147 605 2208 evertunt.
649 2143 795 2230 Namque
817 2165 970 2208 numerus
1000 2143 1060 2208 dici
1084 2151 1197 2228 potest
1223 2164 1299 2229 quo-

204 2253 378 2318 dammodo
404 2273 487 2316 unnrs
510 2273 599 2337 esse,
628 2251 781 2339 siquidem
805 2253 974 2318 multitudo
997 2253 1170 2334 coujuueta
1192 2245 1248 2317 est
1265 2260 1299 2317 et

204 2364 298 2451 quusi
320 2363 441 2430 ooaluit
463 2363 496 2428 iu
517 2363 691 2444 unitatem3
714 2385 915 2450 aequavero
939 2385 1091 2429 numerus
1114 2364 1174 2428 diei
1191 2341 1300 2447 potest

199 2476 285 2560 ipss
298 2467 330 2540 id
352 2495 437 2560 esse,
458 2495 520 2562 quo
542 2471 611 2560 lpse
633 2471 691 2538 fiat
713 2493 810 2556 uuus3
833 2475 868 2539 ud
891 2472 1039 2540 ἑνοποιόν
1061 2476 1146 2538 euim
1169 2492 1228 2537 sua
1242 2495 1298 2537 no-

205 2589 295 2651 tione
328 2585 592 2668 distinguitur
624 2605 645 2648 a
677 2605 819 2649 numero.
874 2583 967 2650 liaeo
993 2585 1169 2650 difficultas
1195 2583 1298 2650 solve-

205 2706 260 2762 tur
281 2698 309 2761 si
331 2715 391 2780 pro
413 2695 470 2759 adv
492 2693 632 2778 ἄρψθμόν
654 2716 764 2760 casum
787 2696 928 2762 stativum
946 2697 1169 2783 scripserimus
1184 2702 1235 2761 καὶ
1250 2702 1299 2782 τῷ

207 2805 364 2894 ἀριθμῷ
385 2804 436 2870 tu
454 2807 535 2868 εἷναί
549 2827 578 2866 τι
592 2799 619 2894 ᾦ
632 2805 674 2882 εἷς
689 2805 710 2870 ἰ.
725 2829 752 2877 e.
768 2827 921 2872 rrurnerus
935 2808 1055 2872 habeat
1071 2807 1190 2894 aliquid
1201 2815 1296 2892 'opor-

207 2923 266 2999 tot‚
289 2937 351 3002 quo
373 2914 432 2979 fiat
452 2937 545 2981 unus.
590 2913 698 3001 Atque
727 2917 812 2982 haud
842 2919 909 2983 seio
940 2939 980 2982 au
1004 2919 1194 2985 Alexander
1216 2919 1297 2982 hano

207 3027 311 3112 ipsam
335 3025 504 3090 lectionem
529 3026 559 3089 in
582 3033 674 3091 textu
697 3025 829 3114 legerit,
852 3051 946 3116 quarn
978 3033 1018 3094 de
1039 3032 1224 3112 ooujeetura
1246 3051 1295 3091 re·

207 3137 342 3203 stituere
363 3138 570 3232 tentavimus.
616 3135 708 3210 Quod
731 3140 815 3204 euim
839 3139 949 3204 scribit
975 3143 1027 3204 καὶ
1054 3143 1157 3225 ὥσπερ
1183 3138 1234 3201 δεῖ
1251 3139 1295 3200 εἴ·

206 3252 261 3339 ved
281 3269 312 3311 τι
331 3249 366 3313 τό
388 3249 445 3314 τὸν
466 3247 606 3332 ἀρθμὸν
619 3249 713 3315 ἑνοῦν
733 3255 785 3315 καὶ
807 3249 846 3314 δι’
868 3243 909 3315 οὗ
922 3249 1004 3315 ἐστὶν
1017 3250 1059 3327 εἷς
1075 3258 1119 3337 (p.
1133 3251 1296 3327 meld.)

206 3341 374 3442 vulgarem
396 3358 676 3424 eerto'leetionem
703 3361 909 3447 interpretari
932 3383 995 3426 uon
1017 3370 1137 3448 potest,
1165 3363 1221 3426 sod
1249 3367 1298 3423 ta·

203 3468 270 3534 ¹lem
293 3467 364 3534 fore
386 3468 512 3555 qualem
537 3491 596 3533 nos
618 3471 849 3560 proposuimus.

217 3601 219 3609 '
295 3584 339 3656 Θ,
366 3589 456 3667 nvp.
480 3582 625 3654 rodens.
650 3581 720 3668 (ΒΓ.
746 3591 823 3666 182,
854 3579 920 3662 10.)
954 3577 1120 3648 Quomodo
1148 3577 1234 3643 inter
1261 3597 1297 3641 so

206 3689 358 3756 differant
379 3699 470 3756 aetus
493 3701 526 3757 et
547 3694 704 3778 potentia,
728 3693 863 3772 ἐνέργεια
884 3694 917 3751 et
938 3685 1080 3773 δύναμις,
1101 3686 1298 3751 Aristoteles

207 3821 270 3864 non
287 3811 352 3866 tam
370 3802 582 3866 describenda
597 3811 731 3889 utraque
747 3798 876 3862 notione
892 3797 1013 3884 definit,
1029 3819 1122 3882 quam
1138 3797 1298 3882 exemplis

207 3910 360 3997 illustrat,
381 3909 481 3976 veluti
503 3907 547 3988 ὦς
568 3911 604 3977 ed
625 3911 812 3992 o'lxodopodv
832 3910 911 3995 πρὸς
932 3909 967 3973 τὸ
989 3909 1185 3992 οἰκοδομικόν
1207 3907 1296 3971 aliis-

208 4039 269 4104 que
291 4022 457 4086 similibus,
490 4017 588 4084 ‘Haeo
610 4019 760 4102 exempla
782 4019 897 4086 deinde
919 4021 969 4084 his
991 4019 1098 4084 verbis
1113 4017 1297 4104 complecti·

208 4137 261 4191 tur
279 4130 450 4228 'radoardi
471 4130 523 4216 τῆς
543 4129 858 4215 διαφορᾶςθάτερον
878 4132 989 4216 μόριον
1009 4129 1087 4197 ἔστω
1113 4132 1132 4219 ἦ
1160 4131 1297 4215 ἐνέργεια
