2906 4500
1180 269 1220 334 vl

122 433 258 519 videas,
286 431 441 519 siquidem
463 429 495 510 Ι,
516 435 546 502 5.
569 450 600 517 p·
625 433 791 502 taluam.
836 429 867 493 εἴ
890 428 941 494 δεῖ
962 430 1155 517 moramur
1181 437 1225 523 τῷ

128 547 180 640 ζῇν
206 544 305 621 καλοὶς
327 543 446 632 ἡδονάς
474 563 562 618 τινας
588 563 646 628 pro
679 540 799 618 καλάς
830 573 872 588 -·-
904 540 1040 620 καλῶς,
1074 550 1109 606 et
1134 540 1166 619 l,
1190 550 1222 614 6.

127 679 159 741 p·
192 655 354 728 latebat.
381 654 501 738 τρόπον
526 654 563 734 χλ
586 674 656 718 τινα
682 655 809 727 πάντως
835 671 895 735 pro
912 651 1075 736 πάντας
1106 660 1224 718 eontra

127 768 277 844 πάντας
302 765 522 850 reponendum
549 763 688 830 videtur.
733 761 799 827 Sed
825 760 901 826 uolo
922 760 1019 847 plura
1040 761 1157 828 afferre
1179 785 1222 828 ex

127 897 167 942 ao
189 875 378 941 Aristotelis
399 872 499 956 libro,
522 873 576 959 qui
598 875 681 940 adeo
704 855 991 959 depravatus'esss
1012 878 1049 936 ut
1070 872 1098 936 si
1119 873 1222 940 multa

126 990 180 1076 day
205 987 397 1067 conjectura
428 983 671 1068 emendaveris,
709 982 856 1048 videntur
886 983 972 1048 enim
1005 981 1087 1047 satis
1121 983 1223 1050 multa

124 1096 291 1162 emendari
313 1117 356 1161 ex
377 1093 507 1177 ingenio
522 1113 630 1180 posse,
653 1112 826 1178 numquam
840 1097 949 1157 tamen
967 1115 1079 1178 speres
1093 1093 1147 1160 vel
1162 1094 1222 1159 aii-

124 1213 283 1292 quatenus
304 1208 347 1271 ad
368 1203 543 1290 genuinam
567 1209 679 1269 textus
700 1202 840 1266 formam
862 1208 896 1267 te
919 1223 1135 1289 accessurum,
1156 1204 1220 1270 uisi

123 1318 250 1403 quando
277 1316 465 1382 melioribus
490 1315 655 1380 codicibus
684 1314 729 1378 uti
757 1312 852 1377 nobis
879 1311 1060 1394 eontigerit.
1107 1315 1221 1380 Redeo

124 1429 165 1490 ad
188 1427 422 1511 metaphysica,
445 1425 477 1488 in
493 1424 607 1510 quibus
621 1424 737 1488 simiiis
752 1444 844 1489 error
858 1421 981 1488 leviore
996 1421 1094 1488 etiam
1113 1445 1221 1490 ernau-

99 1569 103 1578 ·
124 1534 258 1599 datione
280 1533 408 1600 videtur
428 1533 500 1601 tolli
515 1555 610 1621 posse
630 1541 666 1611 Z,
682 1543 709 1606 1.
732 1556 763 1619 p.
788 1539 957 1607 10282132.
979 1532 1136 1620 (Bt-128,
1151 1536 1219 1620 28)

122 1643 285 1726 πολλαχῶς
308 1649 367 1728 μὲν
392 1642 452 1709 οὖν
476 1645 596 1727 λέγεται
623 1645 812 1732 τὸπρῶτον
839 1647 924 1728 ὅμως
953 1643 991 1718 δὲ,
1015 1647 1173 1710 πάντων
1199 1645 1220 1732 ἢ

122 1752 212 1819 οὐσία
232 1760 356 1838 πρῶτον
375 1761 428 1820 καὶ
447 1755 528 1844 λόγῳ
548 1761 601 1820 καὶ
621 1756 731 1836 γνώσει
750 1761 802 1820 καὶ
821 1756 933 1842 χρόνῳ.
971 1753 1040 1818 Nee
1055 1754 1220 1838 quaeritur

120 1886 181 1930 nee
201 1873 309 1952 potest
331 1865 460 1930 omuino
486 1865 614 1950 quaeri,
642 1871 719 1949 quot
747 1884 878 1927 rerum
905 1860 1087 1926 substantia
1114 1863 1220 1946 prima

95 1975 226 2040 -sit-
248 1975 388 2040 omnium
411 1974 497 2038 enim
519 1973 657 2058 primum
681 1993 754 2036 esse
776 1976 904 2057 oportet
925 1970 959 2036 id
981 1972 1066 2059 quod
1082 1978 1133 2036 ast
1154 1972 1218 2058 pri-

119 2107 207 2150 mum
230 2121 270 2134 --
293 2087 351 2148 sed
373 2090 453 2170 quot
478 2081 722 2168 rationibus,
749 2089 827 2170 quot
853 2081 976 2147 modis
1004 2082 1110 2169 prima
1132 2084 1218 2150 diua·

120 2203 181 2261 tur.
225 2193 340 2281 ltaque
362 2196 555 2279 opponenda
575 2193 635 2258 ribi
657 2201 732 2260 sunt
752 2193 953 2276 πολλαχῶς
978 2197 1036 2278 μέν
1062 2229 1105 2242 -
1132 2195 1216 2278 ὅμως

104 2292 156 2370 δὲ
176 2307 342 2380 πάντας,
369 2311 405 2368 ut
427 2305 532 2372 estin
554 2307 624 2370 eod·
646 2305 710 2376 Ab.
758 2303 952 2368 Alexander
974 2303 1060 2368 baud
1083 2303 1149 2370 seio
1172 2325 1215 2370 au

117 2415 201 2480 idem
234 2414 268 2479 ia
299 2421 392 2480 textu
423 2414 586 2497 habuerit3
620 2417 703 2499 quod
738 2412 828 2476 enim
857 2409 969 2476 scribit
999 2391 1096 2478 κατὰ
1128 2412 1216 2490 τούς

117 2535 217 2611 τρεῖς
244 2525 384 2590 τούσδε
409 2527 576 2611 τρόπους
596 2545 629 2609 p.
645 2521 799 2594 ‹raubtu
823 2520 990 2606 explicare
1009 2483 1136 2588 videtur
1158 2526 1215 2588 ad-

117 2634 261 2701 verbium
281 2637 415 2710 πάντας.
435 2671 478 2684 -
503 2632 627 2698 Eadem
650 2632 875 2698 emendatione
896 2633 1049 2698 utendum
1072 2631 1214 2702 arbitror

116 2745 150 2808 in
176 2744 333 2830 principio
362 2743 436 2807 iibri
465 2743 579 2810 daeimi
606 2749 637 2821 1,
666 2750 695 2815 l.
720 2767 751 2830 p.
777 2748 942 2815 luteam.
971 2743 1212 2831 (Br.192,8.)

119 2853 166 2919 Tri
194 2859 230 2918 ἓν
255 2888 299 2902 --
324 2852 445 2932 λέγεται
470 2853 633 2936 πολλαχῶς
657 2873 708 2902 -·-·
735 2854 914 2935 πλεοναχῶς
936 2853 1159 2938 damnatum
1180 2853 1213 2922 oi

115 2962 434 3048 συγκεφαλαιούμενοι
455 2967 566 3050 τρόπον
587 2967 644 3030 dui
657 2968 797 3051 τέτταρες
811 2967 873 3028 ταῖν
894 2966 1051 3052 πρώτων
1071 2971 1124 3032 καὶ
1136 2969 1211 3030 καθ’

114 3071 197 3140 αὐτοὶ
216 3072 389 3156 λεγομένων
416 3074 463 3151 tv',
491 3073 575 3140 ἀλλὰ
599 3074 641 3161 μη
661 3073 742 3139 κατὰ
763 3075 960 3158 συμβεβηκός.
1001 3071 1211 3155 Adjeetivum

113 3165 233 3267 προῖτος
253 3183 411 3246 interdum
435 3189 520 3269 apud
536 3183 749 3252 Aristotelem
772 3183 818 3246 ita
839 3165 1029 3270 usurpatum
1051 3182 1209 3272 videmus,

114 3299 150 3356 ut
171 3290 333 3353 notionem
356 3291 407 3354 eui
429 3294 578 3377 adposita
599 3303 650 3362 est
678 3298 720 3360 ad
749 3315 842 3358 suam
870 3313 910 3358 ae
931 3293 1120 3380 primariam
1141 3296 1209 3362 vim

112 3399 302 3484 restringat,
325 3397 424 3464 veluti
445 3407 480 3477 A,
504 3410 552 3473 12
575 3425 605 3487 p.
630 3411 773 3477 1020a5.
796 3404 814 3470 ὅ
837 3406 940 3491 κύριος
962 3406 1036 3490 ὅρος
1057 3411 1109 3491 τῆς
1123 3409 1210 3491 πρώ-

112 3535 163 3597 της
185 3510 348 3594 δυνάμεως
370 3511 412 3574 ἄν
433 3514 479 3596 εἴη
504 3509 583 3597 ἆρχῇ
606 3513 806 3600 μεταβλητικὴ
821 3514 856 3579 ἐν
870 3515 955 3605 ἄλλῳΙ
975 3509 995 3608 ᾗ
1015 3513 1104 3581 ἄλλο.
1140 3515 1207 3582 Sed

112 3620 173 3685 boe
201 3619 385 3706 significatu
417 3641 593 3708 nusquam,
615 3623 699 3708 quod
722 3645 764 3686 ex
791 3623 823 3688 vi
852 3630 886 3689 et
907 3631 1027 3689 natura
1054 3625 1206 3707 adjectivi

13 3777 14 3780 ,
110 3729 207 3795 facila
241 3730 404 3817 expliees,
444 3733 640 3814 adjectivum
672 3737 794 3817 πρῶτος
824 3755 898 3800 eum·
929 3736 1027 3802 verbo
1060 3735 1206 3818 λέγεσθαι

109 3841 315 3921 eonjuuetum
329 3843 487 3929 reperias,
508 3840 528 3929 ἢ
549 3845 653 3929 πρώτη
671 3843 817 3930 λεγομένη
839 3844 979 3930 δύναμις,
1002 3849 1060 3912 Sed
1081 3845 1100 3932 ἦ
1120 3845 1207 3929 πρῶ·

108 3975 170 4028 τως
190 3949 334 4038 λεγομένη
356 3951 502 4040 δύναμις,
530 3951 551 4019 i.
574 3971 601 4018 e.
624 3953 770 4039 potentia
791 3974 874 4040 quae
894 3956 1044 4043 primitus
1066 3954 1128 4014 bae
1148 3971 1205 4015 na·

14 4097 17 4202 i

106 4062 198 4130 sono
224 4059 433 4149 signifieatur.
479 4061 530 4131 uf.
553 4069 592 4146 Δ,
617 4068 647 4137 ο.
669 4085 701 4151 p.
725 4072 894 4140 larvale.
937 4063 957 4150 t
983 4060 1086 4144 rude
1113 4061 1206 4146 φύσις
