2906 4500
219 264 262 331 ὅθ

222 430 258 494 δὲ
285 424 390 494 ταύτό.
430 425 642 494 Scribonium
671 447 744 493 csse
771 429 813 491 κά
843 434 901 511 μὲν
926 427 986 516 γάρ
1012 425 1172 518 ἀνθρώπῳ
1198 433 1249 502 καὶ
1276 427 1309 492 ci

222 540 320 630 λευκῷ
346 537 505 628 ἀνθρώπῳ
537 535 576 607 ori
607 532 704 602 υαάυό
731 536 831 622 (queo
864 545 915 604 cst
947 540 1042 606 lectio
1075 542 1144 604 cod.
1178 537 1250 618 Ab)
1284 536 1310 600 si

223 651 295 737 quis
315 669 380 714 non
403 670 445 716 cx
466 647 537 734 ipsc
559 647 721 714 cnuncicti
744 655 861 714 nature
875 670 1034 734 apparere
1054 657 1198 734 censeat,
1219 670 1312 736 quum

223 760 383 850 ἀνθρώπῳ
404 761 486 825 εἶναι
507 766 540 824 ct
561 756 660 846 λευκῷ
680 755 840 846 ἀνθρώπῳ)
861 761 942 827 εἶναι
969 762 1106 848 subjecti
1133 760 1237 828 locum
1260 759 1312 824 ob·

223 872 362 954 tineent,
384 878 417 942 ct
439 877 526 938 certo
550 866 731 940 Alexandri
754 869 939 939 testimonio
960 875 1081 958 credet,
1106 893 1200 960 quom
1222 892 1313 956 aper·

223 990 291 1048 tum
321 988 376 1078 cst!
396 1002 480 1056 earn
497 975 667 1042 lectionem
699 985 777 1044 ente
805 981 915 1046 oculos
943 983 1064 1050 hebere
1092 986 1175 1072 quod
1203 979 1313 1046 scribit

224 1097 299 1158 καθ’
318 1087 401 1154 aricii
421 1093 479 1171 μὲν
492 1087 551 1174 γάρ
572 1087 612 1152 cd
635 1087 794 1178 ἀνθρώπῳ
809 1095 954 1156 εἶναικαὶ
975 1094 1015 1156 τὰ
1037 1093 1136 1182 λευκῷ
1156 1092 1314 1178 ἀνθρώπῳ

225 1199 281 1265 οὐκ
301 1199 388 1265 ἔσται
409 1200 449 1272 πὸ
471 1197 551 1266 αάυό
558 1176 563 1188 ί
571 1223 602 1286 p.
625 1201 776 1280 747144,
797 1197 850 1262 uei
872 1199 972 1280 ipsius
994 1199 1101 1282 potius
1116 1199 1315 1282 Aristotelis,

224 1313 310 1396 opud
331 1332 423 1396 quem
447 1316 478 1375 in
501 1315 616 1377 eedem
639 1306 855 1392 disputatione
882 1315 916 1372 et
944 1308 1056 1374 cariem
1086 1309 1126 1370 rie
1148 1329 1185 1370 rc
1208 1307 1315 1390 pontio
1393 1321 1397 1332 ·

224 1431 301 1488 ente
323 1425 475 1505 scriptum
500 1435 550 1484 cst
570 1423 622 1482 eci
643 1418 684 1484 τὰ
705 1416 864 1507 ἀνθρώπῳ
891 1401 975 1482 εἶναι’
993 1422 1050 1482 καὶ
1077 1418 1118 1482 τὸ
1140 1417 1237 1505 λευκῷ
1257 1415 1315 1480 ἀυ-

225 1532 342 1616 θρώπῳ
363 1529 404 1593 κά
425 1529 505 1600 αὐτό
526 1551 556 1612 p.
574 1534 742 1611 1031a21,
764 1535 797 1592 ct
811 1533 917 1614 ἕτερον
931 1527 1060 1594 αὐτὰτὰ
1075 1527 1202 1609 ἀγαθὸν
1216 1533 1268 1592 καὶ
1281 1527 1315 1591 τὰ

224 1640 339 1726 ἀγαθῷ
353 1639 433 1702 ἐἶναι
448 1659 478 1722 p.
496 1644 663 1711 ltitilatil.
678 1674 721 1688 -
735 1637 846 1723 Neque
862 1637 957 1702 aliter
971 1641 1177 1704 statuendum
1192 1638 1317 1702 vitietur

226 1753 266 1814 do
294 1749 398 1814 altero
418 1751 572 1830 ,ejusdcm
600 1748 717 1835 cupitis
744 1747 833 1830 loco,
861 1749 913 1832 qui
942 1747 1040 1812 ctiam
1068 1747 1101 1810 in
1129 1746 1236 1824 Bcbk.
1256 1750 1331 1818 seu„

225 1861 310 1926 bunc
323 1859 357 1928 in
372 1863 500 1926 modum
515 1860 685 1927 exhibetur
699 1867 733 1934 Z,
748 1867 778 1930 c.
796 1880 826 1944 p·
845 1859 989 1932 tuclus.
1011 1857 1078 1943 (Bu
1096 1865 1170 1941 137,
1188 1865 1237 1929 15.
1254 1861 1317 1935 16.)

226 1975 278 2036 καὶ
298 1970 349 2036 ἐπὶ
369 1968 499 2050 ἀγαθοῦ
518 1975 652 2035 καὶτῶν
673 1969 778 2034 ἄλλων
799 1967 912 2054 ὁμοίως
932 1968 1001 2051 ἔχει·
1034 1971 1104 2034 ὥστ’
1125 1971 1154 2034 εἰ
1172 1970 1250 2053 μηδὲ
1271 1973 1319 2056 τῷ

226 2081 343 2168 ἀγαθῷ
362 2082 443 2143 εἶναι
463 2079 599 2160 ἀγαθόν,
621 2076 697 2144 uticii
711 2084 759 2168 τῷ
780 2080 848 2146 ὅντι
869 2081 915 2156 ἀν,
938 2079 1014 2146 οὐδὲ
1036 2084 1079 2168 τῷ
1093 2079 1139 2144 ἑνὶ
1160 2083 1203 2145 ἕν.
1249 2079 1318 2144 Hoc

226 2189 297 2256 icco
319 2196 369 2254 est
392 2186 471 2254 senc
493 2210 556 2276 quo
578 2189 707 2253 defendi
735 2189 837 2282 possit
864 2190 1008 2274 dativus,
1036 2191 1062 2254 si
1092 2190 1204 2276 quise
1227 2211 1320 2278 supe·

227 2299 365 2368 rioribus
379 2300 596 2385 repetendum·
605 2305 738 2364 censent
752 2297 885 2384 ἀπάρχει
901 2302 943 2382 (v.
956 2308 986 2372 5.
1003 2304 1046 2390 τῷ
1060 2301 1174 2388 ἀγαθῷ
1189 2299 1319 2384 ὑπάρχει

229 2437 256 2476 ει
270 2413 304 2478 τὰ
322 2414 403 2486 εἶναι
419 2409 547 2500 ἀγαθῷ)
553 2438 562 2488 3
577 2430 769 2495 quamquem
788 2431 891 2494 noque
907 2407 1058 2495 ὑπάρχειν
1074 2410 1134 2478 buo
1145 2409 1225 2474 satis
1241 2417 1317 2495 apte

228 2521 343 2590 rescrri
365 2521 503 2601 videtur,
524 2541 619 2606 quum
635 2521 723 2586 notio
733 2521 852 2610 ἀγαθῷ
873 2524 953 2587 εἶναι
965 2527 1041 2585 tunc
1056 2520 1190 2602 subjecti
1204 2519 1319 2604 locum,

229 2656 284 2700 res
305 2630 433 2712 ἀγαθόν
446 2631 631 2715 *praedicati
654 2630 758 2696 locum
781 2632 951 2718 obtineret,
974 2639 1007 2698 ct
1027 2632 1147 2696 arctius
1169 2631 1250 2704 haec
1270 2653 1320 2696 co-

230 2727 367 2814 becrent
387 2761 461 2804 cum
482 2739 638 2822 proximis
660 2761 753 2825 quam
777 2763 847 2812 cum
872 2742 1098 2826 superioribus.
1122 2740 1202 2814 ,scd
1224 2763 1321 2828 quum

230 2853 283 2916 bis
303 2849 411 2932 uerbis
434 2849 571 2932 scriptor
591 2850 707 2914 dcindc
721 2872 789 2915 rem
806 2857 1018 2935 persequetur
1039 2849 1153 2934 ὁμοίως
1167 2852 1202 2917 δὲ
1217 2855 1322 2920 πάντα

232 2963 336 3028 ἐστὶν
356 2961 375 3046 ἢ
397 2957 497 3025 οὐθὲν
516 2959 557 3025 κά
576 2963 606 3023 ci
625 2959 664 3047 ἦν
685 2962 773 3054 cirac·
797 2961 874 3028 ὥστε
888 2962 916 3024 εἰ
935 2960 1014 3044 μηδὲ
1034 2962 1074 3027 τὸ
1097 2964 1164 3027 ὄντι
1179 2965 1225 3038 ὄν,
1247 2960 1324 3034 οὐδὲ

231 3075 293 3137 κ’ών
314 3071 419 3138 ἀλθῳν
440 3068 546 3145 οὐθέν,
568 3078 716 3156 opertum
737 3077 788 3136 est
809 3070 908 3136 ctiam
932 3073 973 3136 ed
996 3091 1036 3134 ce
1056 3071 1170 3155 verbu,
1193 3076 1232 3138 ric
1255 3074 1324 3162 qni·

230 3181 290 3248 bus
311 3181 454 3266 egimus,
481 3181 616 3248 uerbum
640 3184 722 3248 circu
742 3181 937 3266 cogitatione
956 3181 1136 3249 addendum
1159 3188 1255 3267 atquc
1278 3185 1326 3248 ite

232 3293 434 3358 scribendum
451 3313 539 3356 essex
561 3279 633 3359 ώυυ
653 3295 682 3356 ci
700 3290 777 3376 μῳάὲ
798 3291 839 3356 κά
861 3289 976 3382 ἀγαθῷ
997 3291 1077 3354 εἶναι
1091 3290 1226 3372 ἀγαθόν,
1249 3295 1327 3360 orbs

233 3403 273 3470 κά
295 3403 364 3468 ὄντι
384 3403 436 3478 ὄν,
458 3399 534 3467 οὐδὲ
555 3403 595 3466 τὸ
618 3401 664 3467 ἑνὶ
684 3405 728 3468 ἕν.

319 3511 459 3576 Omnino
481 3511 636 3590 articulus
657 3511 846 3599 saepissime
869 3512 1072 3577 librariorum
1095 3514 1257 3580 erroribus
1279 3514 1328 3578 Ιο-

233 3641 304 3690 cum
328 3624 426 3706 rlodit,
448 3612 513 3686 non
535 3622 575 3688 iis
597 3618 712 3708 solum,
734 3623 909 3710 dequibus
931 3604 1004 3710 jam
1019 3625 1266 3710 disputavimus,
1288 3633 1327 3690 ut

235 3737 307 3816 ejus
339 3753 434 3797 casus
466 3733 720 3818 confundantur,
756 3736 813 3797 sed
844 3725 954 3797 ctiam
977 3733 1068 3820 aliis,
1104 3757 1201 3822 quum
1230 3738 1328 3802 modo

235 3843 391 3910 articulus
413 3844 580 3908 omittetur
601 3840 654 3908 ubi
677 3829 875 3932 crijicicnrius
897 3840 951 3929 sit,
973 3847 1067 3909 modo
1088 3847 1256 3935 adjicietur
1272 3847 1328 3912 ubi

236 3957 350 4021 abesse
373 3955 507 4039 debeat,
529 3957 626 4036 ¹morlo
652 3955 694 4018 ab
716 3952 820 4023 nitcro
842 3954 972 4018 nominc
994 3954 1037 4019 erl
1059 3953 1197 4022 alterum
1220 3966 1329 4022 truns-

236 4074 384 4162 pcnctur.
426 4064 500 4138 Qua
526 4064 652 4152 quidem
681 4063 714 4129 in
742 4085 779 4130 rc
804 4072 957 4148 quantum
980 4065 1064 4133 intcr
1086 4090 1121 4144 sc
1144 4068 1331 4150 discrepent
