2906 4500
1191 235 1234 302 69

138 398 473 479 consentaneum'sit‚
500 401 597 484 quum
620 398 756 484 scriptor
777 397 861 465 idem
884 403 998 466 eadem
1021 401 1061 466 dc
1082 419 1120 464 re
1139 401 1233 482 agat,

139 516 196 580 sed
230 510 414 576 discrimine
452 529 516 574 nou
550 509 674 591 majore
707 507 846 574 alterum
880 510 921 574 ab
949 509 1053 576 altaro
1086 508 1231 596 differre,
1307 523 1309 529 ’

138 643 235 710 qnam
256 621 445 709 pierumque
467 621 611 702 ejusdem
633 618 696 684 ioci
718 619 854 686 codices.
881 621 981 685 'dam
1009 631 1104 706 quum
1127 628 1231 686 meta

138 733 289 818 physicos
315 731 421 797 *libros
455 713 593 818 scriptos
626 751 699 796 esse
734 730 890 797 coniectis
918 733 989 812 jam
1018 730 1160 816 physicis
1189 751 1231 796 ax

138 843 217 930 ipsis
238 843 304 908 iilis
325 840 533 908 manifestum
556 842 598 906 sit
614 842 661 925 ¹),
683 849 717 905 ct
737 863 832 928 quum
855 845 970 908 eadam
993 842 1167 927 disputatio
1189 843 1231 908 dc

136 955 169 1021 vi
192 977 230 1022 ac
252 961 371 1018 natura
392 973 530 1018 caussae
551 951 585 1014 in
607 950 749 1034 physicis
766 952 856 1017 libris
870 975 943 1020 cam
958 952 1111 1024 universa
1125 952 1231 1037 dispu-

135 1065 262 1130 tatione
283 1061 446 1129 artissime
466 1061 659 1144 cohaereat,
689 1062 722 1124 in
745 1061 973 1147 metaphysicis
994 1085 1073 1130 vero
1095 1063 1231 1129 seorsim

136 1183 172 1242 ct
193 1174 299 1240 soluta
321 1195 362 1240 ex
373 1173 443 1260 ¹hoc
465 1173 700 1240 sententiarum
715 1193 800 1238 nexu
815 1171 848 1236 iu
863 1171 966 1237 iudice
981 1192 1230 1255 synonymorum

134 1292 290 1372 ponatur:
323 1286 494 1350 admodum
523 1284 707 1369 probabile,
735 1304 777 1349 ne
804 1283 908 1349 dicam
936 1289 1085 1366 apertum
1113 1293 1182 1366 cst,
1211 1306 1230 1350 e

77 1463 79 1468 ,
133 1396 277 1481 physicis
309 1395 402 1459 libris
433 1395 467 1460 in
500 1395 741 1479 metaphysioos
774 1394 881 1460 iocum
918 1413 991 1460 esse
1023 1392 1228 1459 translatum.
1258 1457 1265 1470 ,

135 1504 204 1572 Scd
224 1511 298 1570 utut
318 1506 359 1569 de
372 1503 500 1588 origine
520 1506 874 1590 consensus'statuitnr,
895 1511 960 1568 noia
974 1503 1142 1570 fortuitum
1157 1525 1231 1570 cum

136 1633 210 1682 esse
233 1621 381 1701 apparot,
408 1615 466 1680 sed
487 1614 628 1682 aiterum
650 1614 754 1684 iocum
776 1617 819 1682 ad
841 1613 987 1680 aiterum·
1002 1637 1076 1682 esse
1098 1637 1230 1699 expres·

132 1747 222 1807 sum3
251 1726 358 1812 itaque
381 1729 422 1792 ad
444 1725 736 1811 metaphysicorum
758 1732 901 1809 textum,
922 1725 977 1790 uhi
999 1725 1052 1790 vei
1074 1725 1230 1790 dubitatio

135 1837 268 1908 oriatur*
288 1837 341 1904 vel
370 1837 557 1922 coimpteio
585 1836 757 1902 manifesta
785 1836 844 1920 sit,
872 1841 997 1900 textum
1024 1834 1230 1920 physicon-nm

134 1955 300 2035 tamquam
328 1948 479 2014 lectionis
504 1946 699 2013 uarietatem
728 1943 900 2028 adhibere,
933 1945 1109 2029 eodemque
1136 1947 1230 2015 inodo

134 2051 285 2128 vicissim
305 2058 431 2123 nessani
456 2057 490 2120 in
519 2055 659 2140 physicis
685 2056 895 2123 emendandis
916 2077 981 2120 non
1004 2055 1230 2124 dubitabimus.

135 2169 216 2235 Pius
244 2167 320 2234 indo
348 2167 517 2234 commodi.
532 2169 712 2234 redundare
740 2167 866 2234 videtur
894 2169 936 2234 ad
955 2170 1137 2235 sanandum
1158 2173 1230 2232 tex·

134 2288 203 2348 ium
222 2279 538 2364 metaphysicorum,
565 2278 721 2365 siquidem
743 2277 880 2364 physica
901 2278 1030 2343 omuino
1052 2278 1230 2361 integriora

134 2391 413 2460 et'cmcndationa
429 2390 559 2456 'tradita
580 2397 655 2453 sant
676 2409 771 2472 quam
794 2385 1026 2470 metaphysica.
1122 2403 1125 2410 ·

219 2502 271 2568 Ac
295 2501 432 2588 primum
459 2501 587 2586 quidam
611 2501 687 2580 June
716 2497 862 2590 miraris,
892 2498 1022 2581 saepius
1049 2499 1103 2564 uhi
1128 2506 1230 2566 meta·

134 2613 340 2700 physicorum
370 2619 404 2677 et
429 2611 634 2696 physicorum
663 2614 775 2674 textus
799 2609 852 2675 vel
883 2629 1019 2693 prossus
1049 2610 1135 2678 idom
1167 2615 1251 2704 est„

134 2725 188 2792 vai
209 2747 274 2790 neu
297 2722 406 2787 differt
426 2721 490 2784 nisi
512 2721 607 2786 rebus
620 2719 804 2804 levioribus,
825 2719 1014 2787 Bekkenum
1028 2743 1091 2786 uon
1115 2723 1230 2788 eadem

17 2917 19 2934 Ἀ
136 2834 342 2901 distmctioue
363 2832 552 2918 inutraque
573 2853 665 2896 usum
689 2853 779 2916 esse,
809 2834 865 2897 sed
893 2833 1019 2917 aptiore
1041 2832 1229 2920 pierumque

133 2948 168 3012 in
190 2943 348 3031 physica,
369 2935 473 3008 minus
495 2950 575 3028 apta
594 2943 648 3010 voi
670 2943 755 3008 feisa
776 2943 809 3007 in
831 2943 1072 3029 nsetaphysiois.
1115 2941 1230 3010 Veluti

129 3057 167 3122 in
194 3054 425 3138 metaphysicis
452 3055 499 3120 ita
526 3047 709 3120 distinctum
736 3055 883 3121 videmus
912 3076 940 3138 p.
966 3052 1227 3137 1013b31.(Br.

134 3163 271 3251 89,13.)
292 3165 411 3244 λέγεται
424 3166 485 3252 γὰρ
500 3169 585 3230 αἴτια
599 3165 761 3246 πολλαχῶς
781 3169 833 3232 καὶ
854 3163 961 3230 αὐτῶν
981 3169 1043 3230 τῶν
1064 3162 1229 3247 ὁμοειδῶν,

136 3280 290 3360 προτέρως
309 3278 362 3336 καὶ
381 3273 515 3360 ὑστέρως
535 3276 634 3344 ἄλλοι)
655 3275 745 3342 dno.
788 3275 835 3340 At
856 3277 1038 3360 ponendum
1055 3274 1172 3362 potius,
1193 3281 1230 3340 ut

26 3453 31 3460 ,
136 3391 187 3451 est
208 3385 241 3448 in
264 3381 405 3469 physicis
427 3404 458 3466 p·
483 3384 1074 3471 1u5a29.,oommnpostmtdsyoo=
1099 3385 1229 3456 diversa

136 3504 210 3562 suut
232 3489 420 3560 caussarum
435 3513 571 3577 genera,
594 3494 767 3560 sedetiam
787 3497 881 3582 ipsae
901 3517 962 3562 aaa
976 3505 1126 3581 caussae,
1145 3519 1228 3584 quac

137 3627 178 3674 cx
199 3609 313 3675 esdcm
334 3626 457 3689 xgenuere
479 3612 573 3688 sunt,
594 3625 640 3670 ‘eo
663 3604 806 3672 intense
828 3605 997 3694 differunt,
1017 3610 1101 3696 quod
1123 3606 1229 3675 altera

137 3718 264 3803 propios
289 3723 350 3783 ’est
383 3715 489 3782 altera
519 3715 684 3784 remotior.
738 3714 835 3786 nuno
865 3730 946 3788 vcra
976 3718 1010 3788 in
1035 3721 1166 3788 modum
1193 3723 1228 3784 at

204 3987 231 4055 l)
249 3987 289 4042 cf.
305 3993 338 4053 A,
354 3995 379 4044 3.
397 4007 422 4060 p.
438 3993 563 4056 matta
579 3993 604 4044 b.
622 4007 647 4061 p.
664 3993 785 4060 bibam
802 3995 827 4048 b.
844 3991 1005 4063 passbhbssa
1021 3992 1047 4043 7.
1063 4005 1088 4056 ιι·
1102 3990 1225 4053 9888213

137 4079 161 4130 t·
179 4089 205 4146 p.
221 4077 345 4144 ⁹⁸⁹¹²2¹¹3
364 4074 398 4142 θ,
413 4079 439 4132 8.
456 4093 483 4146 p«
499 4074 639 4146 lmabaoy
660 4083 697 4143 A.
710 4081 740 4136 8ι
753 4097 782 4152 p.
797 4082 931 4140 masana
