2898 4494
703 555 791 628 IV.

284 715 424 782 Veteres
445 717 632 782 Aristotelis
652 723 925 783 commentatores
950 728 1103 806 quantum
1133 724 1174 786 ad
1203 723 1299 789 intel·

197 827 344 912 ligandos
366 830 637 914 explicandosque
653 829 836 916 philosophi
851 829 951 894 libros
966 833 1111 918 i‘aleant,
1132 835 1295 900 nemiuem

196 939 279 1024 fugit
300 940 353 1026 qui
377 941 407 1002 iu
431 941 502 1018 ejus
523 939 729 1026 philosophia
748 946 975 1026 cognoscenda
1001 947 1142 1010 studium
1166 954 1198 1010 et
1220 967 1294 1030 ope·

196 1072 265 1114 rain
288 1051 443 1134 posuerit.
488 1048 583 1114 Licet
607 1051 691 1115 enim
721 1075 824 1138 neque
846 1053 1098 1135 explicationem
1122 1069 1225 1142 ne'quc
1245 1059 1295 1138 ju-

194 1159 312 1223 dicium
340 1181 450 1223 eorum
479 1161 597 1248 ubique
625 1161 814 1247 probaveris
843 1167 876 1222 et
898 1182 998 1243 saepe
1021 1163 1202 1228 disserendi
1226 1189 1296 1230 ver·

195 1269 334 1336 hositate
366 1269 533 1356 fatigeris,
566 1274 648 1336 niteo
681 1282 791 1333 tamen
826 1269 857 1332 in
892 1269 1075 1333 universnm
1104 1270 1294 1334 Aristotelis

194 1381 636 1469 cogitandi'disputandique
669 1380 828 1446 rationem
864 1403 937 1445 sese
964 1380 1226 1464 insinuaverunt,
1259 1386 1294 1443 et:

194 1492 353 1555 interdum
383 1490 422 1550 iis
450 1493 550 1554 otiam
578 1493 669 1554 libris
697 1492 742 1556 uti
772 1499 964 1576 potuerunt,
996 1491 1049 1578 qui
1078 1494 1120 1555 ad
1148 1497 1293 1554 nostram

194 1604 336 1663 aetatem
361 1618 425 1660 non
448 1608 684 1684 pervenerunt,
712 1609 748 1664 ut
775 1603 829 1666 vix
852 1603 1004 1667 meliores
1032 1605 1131 1666 duces
1154 1604 1196 1665 ad
1219 1623 1294 1664 con·

194 1709 386 1775 trahendam
409 1731 481 1773 cmn
504 1709 683 1775 Aristotele
711 1709 969 1775 familiaritatem
997 1705 1154 1776 invenias.
1200 1709 1293 1774 Sum-

194 1843 282 1886 mam
315 1821 413 1906 igitur
434 1822 575 1906 gratiam
599 1821 740 1884 omnium
763 1842 891 1903 eorum,
923 1821 976 1905 qui
1003 1822 1036 1884 in
1064 1820 1293 1905 investiganda

194 1932 394 1998 Graecorum
417 1933 623 2020 philosophia
654 1940 844 2014 versantur,
881 1931 1124 2000 Brandisius
1159 1933 1293 1995 moritus

194 2050 262 2125 est,
296 2044 382 2128 quod
408 2051 542 2124 recepta
569 2043 600 2105 in
630 2065 666 2107 sc
695 2043 802 2106 altera
829 2050 923 2126 parte
957 2043 1073 2108 edendi
1101 2042 1294 2107 Aristotelis

193 2151 339 2218 collectis
361 2157 515 2237 quotquot
537 2151 654 2236 ubique
676 2151 812 2236 reperiri
836 2160 989 2235 poteraut
1011 2161 1140 2218 veteres
1163 2155 1194 2217 in
1217 2152 1300 2216 Ari-¹

194 2261 344 2326 stotelem
377 2262 598 2327 commentarii
633 2268 666 2326 ct
699 2261 801 2324 multu
833 2281 918 2325 nrruo
948 2263 1085 2346 primum
1114 2264 1292 2347 evulgavit,

192 2395 276 2460 quae
298 2373 403 2437 adhuc
430 2372 460 2436 in
489 2372 581 2438 libris
609 2367 1024 2457 manuscriptislatehaut,
1053 2381 1086 2437 et
1107 2394 1190 2459 quae
1213 2383 1293 2439 nota

193 2492 288 2551 eraut
310 2485 415 2549 denuo
438 2487 562 2549 edendo
585 2491 618 2548 et
640 2483 834 2573 gravissima
860 2503 1005 2569 quaeque
1021 2485 1290 2567 excerpendota-

194 2597 306 2661 ciliora
328 2596 416 2660 aditu
440 2603 474 2660 et
495 2617 554 2658 usu
578 2594 793 2658 fructuosiora
815 2593 963 2657 reddidit.
999 2593 1064 2657 Sed
1080 2615 1176 2678 quum
1199 2615 1291 2680 prae·

192 2705 373 2771 clarissime
395 2705 537 2769 editores
552 2703 774 2770 collocandam
789 2705 820 2766 iu
838 2703 1019 2770 Aristotele
1041 2723 1187 2790 operam,
1208 2725 1290 2790 quae

192 2817 287 2881 unius
315 2814 452 2878 hominis
478 2814 565 2878 vires
593 2813 822 2899 ingeniumque
852 2821 1038 2898 superaret,
1066 2815 1112 2880 ita
1140 2816 1224 2880 inter
1253 2837 1290 2880 se

192 2926 304 3012 partiti
336 2945 409 2990 esse
437 2925 623 3008 videantur,
654 2931 691 2988 ut
719 2924 802 2989 altor
825 2925 973 2990 acumine
999 2933 1033 2991 et
1052 2927 1234 3008 sagacitate
1256 2925 1287 2997 in

192 3038 397 3102 excutiendis
431 3034 636 3101 conferendis
674 3035 886 3122 aestimandis
922 3035 1015 3098 lihris
1048 3035 1282 3117 manuscriptis,

192 3147 277 3212 alter
304 3148 472 3212 doctrinae
499 3147 596 3231 copia
628 3153 662 3211 et
694 3143 850 3229 singulari
880 3145 1029 3210 Graecae
1066 3144 1284 3236 philosophiae

192 3258 327 3323 scientia
349 3259 381 3322 in
404 3255 594 3344 colligendis
617 3241 891 3341 excerpendisque
914 3257 1046 3324 scholiis
1072 3280 1166 3341 usus,
1194 3253 1292 3319 suarii.

191 3378 326 3456 uterque
349 3376 475 3454 partein
491 3370 532 3433 ad
547 3367 780 3431 restituendum
797 3375 911 3432 nostra
926 3377 1036 3433 aetate
1057 3369 1196 3431 studium
1214 3352 1287 3427 ilri-

192 3479 318 3545 stotclis
328 3459 528 3544 conferrem
546 3478 622 3540 illud
635 3483 744 3543 tamen
758 3501 955 3568 inagnopere
971 3479 1093 3558 doleas,
1105 3479 1190 3561 quod
1203 3493 1286 3560 quac

191 3585 326 3656 seorsim
353 3594 488 3673 uterquc
518 3588 602 3654 eruit
634 3588 682 3652 ita
708 3591 855 3654 conferre
882 3595 915 3649 et
936 3587 1135 3668 conjungere
1170 3582 1284 3644 omisc-

190 3678 278 3786 runt,
298 3708 335 3764 ut
356 3722 375 3765 e
397 3696 526 3763 scholiis
548 3708 581 3763 et
608 3695 850 3764 commentariis
879 3701 1023 3760 veterum
1046 3692 1162 3776 aliquis
1185 3691 1284 3756 etiarn

191 3815 233 3876 ad
266 3811 662 3882 emendandumtextmn
689 3803 883 3882 ¹Aristotelis
919 3803 1042 3870 inactus
1077 3805 1285 3869 redundaret.

191 3921 353 3992 (trientum
377 3920 462 3986 euim
485 3918 535 3983 vcl
559 3920 590 3980 in
613 3915 826 3998 dijudicandis
848 3917 983 3983 divorsis
1002 3915 1147 3981 codicum
1173 3915 1284 3982 lectio·

109 4115 113 4123 Ι
190 4030 302 4115 nihus,
328 4033 379 4100 vol
407 4032 439 4097 in
466 4027 666 4096 restituenda
692 4025 802 4091 invitis
831 4028 930 4097 etiem
957 4027 1120 4094 codicibus
1142 4027 1283 4113 genuina
