2898 4494
1184 305 1245 374 ια·
1307 289 1313 304 “

143 466 194 533 rel
217 465 303 532 falsa
324 466 433 530 omnia
460 487 532 530 esse
561 469 762 530 contendant
790 469 835 532 ita
861 466 1059 536 refellendos
1084 459 1244 534 Aristote-

142 575 192 640 les
205 578 398 660 existimat,
426 582 461 640 ut
484 582 517 642 et
539 597 580 642 ea
601 577 726 660 omniu,
755 579 795 642 do
817 579 931 664 quibus
953 587 1073 664 agant,
1095 586 1129 645 ct
1155 579 1244 663 ipsas

141 687 212 754 veri
235 695 268 753 et
289 687 363 752 falsi
387 686 536 751 notiones
558 685 693 752 definire
714 695 894 774 cogantur,
920 689 955 767 ἐξ
980 687 1112 774 ὁρισμοῦ
1138 689 1244 753 droda-

141 800 230 860 ατέον
250 797 408 880 λαβόντας
428 800 458 860 τί
478 799 619 882 σημαίνει
639 797 674 861 τά
698 798 820 888 ψεῦδος
840 801 860 885 ἢ
881 801 916 864 τὸ
932 798 1058 884 ἀληθές.
1100 799 1174 866 Jarn
1197 799 1245 862 ita

141 906 265 990 pergit:
302 907 331 970 oi
357 905 393 970 δὲ
419 911 521 991 μηθὲν
547 905 625 969 ἄλλο
655 908 675 991 ἢ
701 906 737 972 τά
764 907 883 992 ἀληθὲς
909 911 1012 994 φάναι
1033 909 1053 996 ἢ
1075 909 1244 994 ἀποφάναι
1332 892 1335 898 ¹

140 1016 265 1106 ψεῦδός
274 1015 376 1091 ιέσσιν,
397 1015 561 1080 ἀδύνατον
581 1017 689 1080 πάντα
704 1017 811 1107 ψευδῆ
831 1020 921 1082 εἶναι.
964 1017 1112 1084 Eandem
1135 1018 1244 1084 lectio·

142 1115 225 1188 nem'
241 1127 313 1205 jam
336 1123 529 1190 Alexander
557 1125 687 1208 habuit,
720 1130 755 1189 et
782 1125 835 1211 qui
858 1126 965 1193 inesse
988 1129 1106 1194 delreat
1129 1149 1244 1192 sensus

141 1241 232 1299 recte
254 1235 305 1298 his
326 1235 437 1300 verbis
460 1235 631 1320 explicuit:
654 1237 683 1298 cl
701 1234 799 1321 μηδὲν
821 1234 901 1299 ἀλλο
923 1236 959 1300 τὸ
982 1238 1099 1322 ἀληθές
1120 1237 1244 1323 ἕστινῆ

140 1345 241 1420 οὕτως
261 1343 335 1427 ἕχον
355 1348 460 1431 φάναι
481 1347 581 1421 οὕτως
601 1349 682 1426 ἔχον,
703 1349 756 1408 καὶ
777 1346 874 1409 πάλιν
895 1346 931 1410 ud
953 1349 1051 1421 οὕτως
1072 1346 1145 1427 ἕχον
1160 1345 1245 1412 ἀπο·

138 1445 243 1539 φάναι
262 1437 395 1546 ψεῦδος,
418 1456 515 1542 δῆλον
536 1453 579 1531 ἀς
598 1454 661 1518 κτλ.
688 1468 719 1538 p.
741 1455 874 1536 685b23
902 1459 960 1520 sed
982 1459 1138 1540 quomodo
1163 1457 1243 1522 haec

140 1563 305 1631 sententia
327 1587 370 1632 ex
392 1565 473 1650 ipsis
495 1572 606 1631 textus
627 1565 734 1629 verbis
756 1571 844 1629 reete
859 1566 966 1650 repeti
982 1573 1093 1649 posset
1108 1569 1241 1630 demon·

141 1681 248 1740 strare
265 1675 384 1744 omisit.
421 1675 608 1763 Aequiescit
623 1673 708 1740 enim
733 1674 766 1738 in
788 1695 827 1740 eo
849 1682 886 1740 ut
909 1675 996 1738 olioat
1018 1675 1243 1758 τὸλεγόμενον

141 1782 301 1870 ἀσαφῶς
315 1791 374 1870 μὲν
386 1790 510 1872 εἴρηται,
522 1790 567 1872 εἴη
584 1785 617 1849 δ’
634 1787 676 1850 ἀν
692 1789 883 1850 τοιοῦτον.
905 1783 953 1848 At
965 1805 1029 1848 non
1042 1784 1178 1850 obscure
1192 1807 1241 1848 so-

140 1893 220 1978 lum,
241 1897 300 1962 sed
322 1897 409 1962 falso
430 1897 548 1961 dictum
565 1901 625 1960 est.
666 1892 838 1963 Quaesivit
853 1892 939 1956 enim
955 1893 1153 1960 Aristoteles
1166 1896 1242 1980 quid

140 2003 301 2088 significet
323 2026 435 2068 verum
458 2010 491 2066 et
513 2001 649 2083 fulsum3
670 2003 740 2082 jam
762 2001 789 2066 si
811 2001 920 2086 pergit
941 2004 970 2066 si
989 2003 1026 2068 δὲ
1046 2005 1144 2088 μηδὲν
1162 2005 1241 2070 ἄλλο

139 2116 171 2200 ἢ,
193 2115 234 2178 ad
256 2113 276 2200 ἢ
299 2111 514 2192 adjiciendum
531 2119 582 2178 est
604 2111 886 2195 praedicatum
910 2112 1074 2178 enunciati
1097 2115 1200 2199 φάναι
1220 2141 1240 2200 η

139 2225 327 2309 ἀποφάναι,
364 2243 428 2286 non
467 2223 686 2304 subjectum
724 2222 759 2288 od
797 2220 924 2307 diodor.
987 2222 1101 2309 ltaque
1139 2223 1240 2288 multo

140 2355 220 2400 sano
243 2333 465 2420 praestantior
487 2355 527 2400 ca
549 2340 601 2399 ost
629 2333 744 2415 lectio,
778 2333 871 2411 cujus
905 2333 1022 2398 deinde
1050 2332 1240 2400 Alexander

139 2447 338 2511 rncntlonern
365 2445 444 2510 facit
471 2446 499 2508 sl
525 2444 562 2508 δὲ
589 2443 686 2526 μηδὲν
712 2441 791 2504 ἄλλο
817 2441 853 2506 τὸ
881 2441 998 2530 ἀληθὲς
1019 2446 1040 2532 ἢ
1059 2447 1163 2530 φάναι
1188 2448 1241 2508 καὶ

138 2555 313 2640 ἀποφάναι
337 2560 389 2620 καὶ
416 2555 451 2620 τὰ
478 2553 602 2644 ψεῦδός
628 2551 726 2627 ἐστιν,
759 2572 801 2614 ex
829 2573 894 2638 qua
921 2553 1062 2627 sortasse
1087 2561 1161 2618 orta
1188 2561 1239 2620 ost

140 2665 302 2750 scriptura
323 2667 393 2730 cod.
417 2665 471 2731 Ab
499 2662 527 2724 εἰ
552 2661 589 2724 δὲ
614 2661 713 2745 audiv
739 2660 817 2730 ἄλλο
845 2661 881 2726 τὸ
908 2661 1025 2750 ἀληθὲς
1051 2668 1155 2750 φάναι
1174 2666 1238 2732 κτλ.

139 2775 183 2840 llt
210 2775 295 2839 hanc
320 2775 448 2858 quidem
476 2771 649 2838 lectionem
672 2772 863 2838 Alexander
888 2773 936 2840 sic
963 2776 1117 2861 explicata
1154 2775 1239 2841 aaa

139 2884 238 2967 μηδὲν
263 2882 342 2946 ἀλλο
369 2882 405 2948 ud
433 2882 551 2968 ἀληθὲς
577 2888 717 2967 σημαίνει
745 2885 765 2970 ἢ
796 2884 831 2950 τὸ
859 2890 1037 2971 ααταφῆσαί
1064 2911 1093 2950 τι
1122 2887 1181 2970 (sc.
1202 2885 1238 2954 τὸ

139 2991 193 3076 ὅν)
226 2995 246 3079 ἢ
272 2990 438 3078 ἀποφῆσαι
470 2995 530 3076 (sc.
557 2993 592 3060 τὸ
621 2993 663 3078 μὴ
690 2995 753 3078 ἀν),
785 2998 837 3058 καὶ
868 2993 904 3057 τὰ
936 2995 1059 3084 ψεῦδος
1087 2993 1238 3078 ὁμοίως.

140 3103 245 3168 Recte
267 3102 324 3166 ille
345 3104 485 3191 quidem,
508 3111 543 3169 at
559 3104 637 3169 illud
659 3103 802 3188 ὁμοίως
824 3123 941 3168 vercor
955 3108 990 3166 ut
1005 3100 1110 3166 omitti
1128 3109 1238 3186 potue-

139 3215 198 3296 rit3
211 3215 297 3300 quod
309 3214 336 3276 si
348 3215 503 3281 voluisset
518 3217 670 3302 scriptor,
688 3215 735 3278 ita
752 3215 980 3298 conjungenda
997 3219 1093 3276 erant
1108 3211 1144 3276 od
1162 3211 1240 3299 ἀλη-

140 3329 196 3400 θές
212 3331 246 3388 et
261 3323 296 3387 τὸ
310 3324 442 3413 ψεῦδος,
458 3332 493 3387 ut
509 3325 646 3390 altorum
661 3329 759 3407 juxta
774 3325 913 3388 altorum
929 3328 1103 3409 poneretur
1114 3321 1149 3388 ud
1161 3322 1239 3408 ἀλη-
1324 3314 1339 3340 “’

139 3439 198 3509 θὲς
217 3437 270 3498 καὶ
290 3431 325 3497 τὰ
348 3433 481 3524 φεάάος.
515 3433 630 3519 ltaque
652 3457 748 3519 quum
771 3457 814 3500 nc
835 3433 944 3500 inhac
958 3433 1085 3518 quidem
1100 3432 1239 3502 lectione

138 3544 291 3609 rideatur
311 3543 470 3628 acquiesci
492 3565 601 3628 posse,
622 3543 795 3608 videndum
817 3545 845 3610 si
866 3543 952 3610 forto
974 3543 1040 3610 leni
1061 3543 1240 3612 mutatione

141 3654 400 3720 enunciationem
425 3654 573 3719 suumin
597 3655 743 3720 ordinem
770 3655 932 3740 possimus
953 3655 1137 3724 restituero.
1179 3651 1239 3720 vi-

141 3766 255 3829 demur
282 3771 391 3829 antem
418 3765 541 3849 optime
571 3767 612 3830 ab
640 3766 711 3850 ipso
733 3764 914 3830 Aristotele
942 3767 984 3830 ad
1013 3764 1240 3831 inveniendam

141 3876 317 3959 genuinam
346 3875 540 3960 scripturam
568 3877 648 3946 duci.
692 3873 809 3943 Paullo
838 3883 915 3942 ante
943 3875 1028 3942 enirn
1056 3879 1096 3942 de
1124 3875 1239 3940 cadom

142 3987 213 4051 fere
235 4006 270 4050 re
292 3985 373 4050 lraec
395 3986 472 4050 dicit.
500 3989 533 4063 Γ,
553 3991 584 4057 7.
606 4010 637 4073 p.
663 3989 830 4058 10111125.
868 3985 964 4072 δῆλον
991 3983 1186 4068 ὁρισαμένοις
1212 3988 1240 4049 τί

144 4093 180 4165 τὸ
209 4093 327 4186 ἀληθὲς
354 4099 406 4160 καὶ
432 4097 565 4189 recedes.
603 4097 638 4164 ud
661 4099 718 4183 μὲν
738 4096 799 4182 γάρ
820 4095 919 4178 λέγειν
939 4094 976 4163 ‘cd
997 4094 1036 4164 ὄν
1056 4091 1099 4177 μὴ
1120 4096 1200 4160 εἶναι
1221 4098 1240 4180 ἢ
1252 4088 1258 4100 '
