2898 4494
221 269 265 338 74

221 436 400 522 perierem,
427 458 449 502 a
470 439 578 522 specle
600 439 641 504 ad
662 459 787 522 genus,
813 459 835 501 a
856 435 1014 523 singulari
1035 436 1097 504 huc
1126 447 1160 504 et
1187 440 1320 506 delinita

221 555 333 612 statua
359 549 401 613 ad
429 554 572 614 statuam
601 546 775 612 universali
804 547 936 614 actione
964 555 1060 635 atque
1082 547 1157 614 inde
1179 554 1221 616 ad
1242 551 1320 616 ima·
1441 623 1442 640 ρ

219 659 342 741 glemu.
384 656 474 744 Apte
496 679 564 725 rem
588 656 741 740 explicuit
755 657 854 722 Alex.
875 659 934 724 aar
955 659 1018 742 (sic
1032 659 1236 726 scribemlum
1260 682 1319 748 pro

220 767 241 836 ὅ
263 768 312 854 δὲ)
335 766 468 858 ἀνδριὰς
487 769 725 854 ιιροσοχέστερον
743 768 887 832 αἰτιατόν
908 775 977 834 τοῦ
1002 768 1131 847 ἁπλοῖς
1152 775 1215 834 καὶ
1235 795 1320 836 ιιοι-
1441 817 1442 822 1

219 883 293 954 acic
316 877 519 966 ἀνδριάντος,
542 881 596 942 καὶ
616 877 714 942 πάλιν
735 875 868 963 ἀνδριὰς
890 879 1017 956 εἰκόνος,
1037 887 1090 946 καὶ
1110 882 1169 965 γὰρ
1189 878 1208 968 ἦ
1230 881 1321 948 εἰκών
1441 895 1442 902 ’

220 994 278 1055 τοῦ
298 987 488 1073 ἀνδριάντος
508 988 694 1073 κοινότερον.
729 1009 760 1072 p.
786 988 934 1060 nullm.
956 990 1037 1064 b38.
1062 992 1103 1058 cf.
1130 990 1210 1058 Met.
1230 997 1266 1066 Z,
1287 996 1319 1061 8.

219 1099 443 1200 plaeetne
476 1135 520 1146 —
552 1097 632 1166 lllet.
655 1119 687 1182 p·
712 1104 880 1172 lamule.
910 1099 981 1184 (Br.
1003 1109 1058 1182 90,
1091 1100 1151 1186 11.)
1195 1100 1251 1166 ἔτι
1277 1099 1320 1178 ὦς

220 1207 406 1293 ἐνεργοῦντα
421 1208 440 1294 ἢ
452 1208 534 1273 κατὰ
549 1207 694 1292 δύναμιν.
732 1207 811 1270 Gon.
825 1205 896 1270 Ah=
912 1209 1020 1272 πάντα
1035 1209 1071 1272 δὲ
1084 1207 1137 1283 οἷς.
1154 1246 1198 1258 -
1219 1212 1318 1290 Phys.
1441 1229 1442 1294 p

218 1340 263 1404 p.¹
277 1317 424 1392 lffiblss.
447 1322 575 1384 πάντα
598 1318 638 1382 δὲ
659 1319 680 1404 ἢ
701 1317 887 1402 ἐνεργοῦντα
906 1317 926 1401 ἢ
947 1317 1028 1380 κατὰ
1049 1316 1196 1399 δύναμιν.
1232 1318 1319 1390 Quo·
1441 1309 1442 1330 ¹

219 1427 504 1495 uiam'rliscrimea
527 1427 693 1513 potentiae
721 1433 755 1492 et
782 1433 874 1492 actus
902 1448 967 1511 nou
989 1427 1037 1491 ita
1059 1427 1185 1492 aecetlit
1206 1429 1248 1492 ad
1270 1448 1318 1491 re-

219 1539 325 1622 liquas
351 1559 489 1602 caussae
516 1538 742 1622 diversitates,
775 1544 812 1602 ut
845 1537 886 1602 iis
917 1537 1138 1602 ccurdinntmn
1168 1536 1229 1622 sit,
1261 1539 1320 1602 scd

219 1668 334 1712 omncs
354 1643 580 1731 ecuiplcctitur
602 1652 636 1711 et
657 1647 700 1712 acl
721 1667 836 1712 omncs
857 1647 1019 1731 pertinet,
1047 1647 1140 1712 unicc
1168 1656 1247 1733 apta
1269 1654 1321 1712 'eat
1441 1679 1442 1682 ¹

219 1757 318 1824 lectio
340 1760 449 1824 πάντα
472 1756 517 1833 δὲ,
540 1762 574 1821 et
595 1778 615 1822 e
636 1755 779 1842 physicis
792 1757 934 1842 probata
956 1757 1188 1843 ct,Alexandri
1210 1766 1320 1825 auctu·

219 1871 319 1937 ritate
340 1868 532 1936 confirmata
554 1889 585 1954 p.
607 1875 755 1940 692221·
1289 1951 1291 1958 y

306 1979 473 2063 Elegimus
507 1999 550 2042 cx
580 1979 734 2046 universa
765 1979 943 2066 scripturae
979 1977 1140 2044 varietate
1172 1979 1317 2064 potiores

220 2097 346 2156 tautum
369 2088 471 2171 loces,
492 2088 524 2150 in
546 2090 662 2173 quibus
684 2089 737 2170 vel
759 2112 801 2156 ex
822 2090 1056 2156 sententiarum
1072 2090 1199 2154 ratione
1214 2097 1247 2156 et
1270 2113 1320 2156 sc-

219 2200 287 2286 ria,
309 2198 363 2266 vel
385 2219 426 2264 cx
449 2205 595 2272 ueterum
623 2198 836 2283 interpretum
863 2202 1105 2270 commentariis
1129 2209 1218 2268 certo
1240 2202 1320 2284 diju-
1441 2237 1442 2284 ι

220 2310 323 2380 (liceri
346 2311 466 2397 possit,
493 2317 568 2403 utra
590 2307 685 2374 lectio
707 2308 816 2375 verior
837 2309 895 2390 sit3
921 2309 1047 2396 reliqua
1071 2332 1153 2396 quac
1175 2311 1221 2374 ita
1244 2318 1320 2377 suut

217 2428 424 2516 comparata,
457 2429 495 2486 ut
518 2420 603 2486 haud
625 2419 723 2486 facilc
745 2418 900 2514 rlijndices
921 2427 1028 2486 utrum
1050 2420 1253 2504 physicorum
1276 2444 1321 2486 an

219 2534 514 2621 metaphysicormn
535 2530 708 2597 lectionem
732 2529 913 2616 praeferas,
929 2552 978 2594 *au
999 2531 1164 2616 utriusque
1186 2531 1321 2598 diversi·

220 2654 323 2712 tatem
346 2646 539 2710 servandam
560 2665 709 2726 censeas,
731 2641 880 2706 uolumus
903 2641 1030 2708 uberius
1045 2641 1207 2727 persequi.
1242 2643 1319 2714 ute

218 2757 287 2822 uim
310 2757 350 2820 de
373 2753 424 2816 his
445 2753 542 2816 rebus
564 2750 750 2836 levioribus,
772 2773 855 2838 quae
876 2754 917 2818 ad
934 2753 1177 2838 perpoliendum
1194 2761 1318 2818 textum

220 2863 411 2932 Aristotelis
433 2861 614 2949 pertinent,
636 2869 704 2928 tum
728 2864 856 2933 denium
878 2863 932 2928 via
953 2885 993 2930 ac
1014 2865 1141 2929 ratione
1162 2863 1318 2950 disputari

220 2975 359 3064 poterit,
381 2995 476 3061 quum
500 2973 615 3038 edituri
637 2972 842 3058 Aristotelis,
868 2972 927 3039 cui
939 2973 1087 3059 plurimis
1109 2974 1240 3040 auxiliis
1260 2975 1319 3040 cri·

221 3090 295 3156 ticis
317 3088 363 3154 uti
385 3085 540 3170 contigit,
561 3106 725 3172 exponere
747 3083 924 3169 placuerit,
950 3105 1032 3169 qnae
1054 3087 1097 3148 sit
1119 3086 1315 3172 singulorum
1441 3063 1442 3104 ³

220 3199 377 3266 librarum
400 3219 496 3264 mser.
519 3195 603 3262 fides
625 3204 658 3262 et
676 3196 873 3278 auctoritas,
897 3196 982 3260 uude
1004 3198 1046 3262 ad
1068 3195 1210 3284 aliquam
1230 3202 1318 3263 certe
1441 3215 1442 3296 j

222 3311 449 3398 perveniamus
471 3314 581 3374 textus
602 3304 803 3372 Aristotelici
825 3305 1003 3387 historiam.

308 3419 433 3485 Eadem
461 3419 607 3503 ratione,
639 3423 675 3482 ut
701 3415 843 3484 leviores
876 3417 1056 3505 scripturae
1083 3418 1319 3506 discrepantias

222 3531 484 3596 transmittamus
506 3538 541 3606 et
562 3551 620 3595 aas
641 3529 735 3596 unice
757 3523 997 3612 examinemus,
1020 3548 1103 3612 quae
1126 3530 1169 3592 ad
1191 3533 1320 3592 scaten-
1441 3545 1442 3582 1

222 3643 302 3710 tiam
323 3643 512 3706 mutandam
534 3640 731 3727 pertineant,
753 3639 947 3706 versandum
963 3635 1090 3702 uidetur
1106 3635 1140 3700 iu
1162 3657 1203 3702 ea
1222 3640 1319 3720 parte
1347 3715 1349 3726 Ι
1441 3713 1442 3734 3

223 3751 528 3842 metaphysiccrum‚
550 3773 632 3838 quac
647 3753 697 3818 bis
712 3747 849 3816 diversis
868 3747 904 3812 'in
926 3746 1019 3814 libris
1039 3753 1167 3814 tantum
1183 3766 1247 3810 non
1263 3746 1317 3812 iis-

224 3871 297 3936 dem
329 3864 439 3932 verbis
470 3863 597 3948 legitur.
645 3861 765 3928 Notum
792 3857 878 3928 anim
906 3881 965 3946 ea,
992 3843 1085 3947 qnae
1101 3856 1205 3945 primo
1232 3857 1318 3948 lihro

223 3985 265 4053 A,
278 3985 310 4054 9.
331 3999 363 4064 p·
377 3974 496 4050 eutha
517 4005 557 4020 -·
579 3995 611 4058 p-
624 3971 752 4046 aelle.
776 3971 847 4057 (Br-
860 3976 916 4056 28,
936 3978 1066 4056 9-30,
1084 3969 1151 4056 29.)
1173 3971 1215 4036 de
1236 3969 1318 4037 itleis

225 4089 381 4157 adversus
402 4065 574 4154 l’latoucm
601 4087 636 4150 et
656 4078 843 4152 Platonicus
867 4080 1077 4172 philosophos
1102 4083 1319 4174 disputantur,
