2898 4494
1067 269 1069 273 '
1173 262 1232 330 121

133 429 255 497 tionem
268 426 528 516 substantialem
548 428 599 493 ite
621 427 844 514 descripsisse,
866 434 903 510 ut
925 449 996 493 eain
1020 431 1097 513 ὅπερ
1119 427 1193 493 τόδε
1206 451 1236 492 α

134 561 208 608 esse
224 543 447 607 contenderet.
483 538 557 606 Hac
578 541 705 604 ratione
728 543 843 605 dnotus
865 539 1070 604 scribendum
1094 538 1237 603 arbitror

135 652 214 735 ὅπερ
237 651 297 736 γὰρ
318 649 410 715 odda
431 673 466 713 τι
492 649 556 714 ἔστι
584 650 619 714 τὸ
648 651 678 713 τί
703 648 744 736 ἦν
771 653 862 718 εἶναι.
913 647 1066 714 Codicum
1094 647 1237 732 vestigia

134 764 247 828 eodem
272 763 390 826 ducere
411 761 578 844 videntur,
606 760 762 844 siqnidem
785 760 818 822 in
840 761 911 825 cod.
931 759 982 824 Ab
1008 759 1161 824 omissum
1186 765 1238 823 cst

133 872 223 957 prius
244 869 284 958 ἦν
307 872 403 946 εἶναι,
430 878 466 934 et
493 893 511 934 e
540 874 608 937 cod.
632 871 716 953 Bag.
741 878 892 936 enotntm·
918 895 965 955 γρ.
992 872 1094 956 ,ὅπερ
1121 869 1181 956 γὰρ
1209 873 1238 932 τί

135 982 198 1054 ἔστι
220 982 256 1045 τὸ
277 983 307 1042 τί
327 976 366 1066 ἦν
387 981 495 1056 εἴναε,“
515 981 614 1066 ἤγουν
635 979 728 1044 odoia
749 987 868 1058 τιςααὶ
888 983 981 1066 φῦσις
1003 979 1066 1044 ἐστὶ
1093 979 1128 1046 τὰ
1151 983 1181 1044 τί
1199 977 1240 1066 ἦν

136 1094 219 1156 εἶναι
240 1089 366 1178 ἑκάστῳ.
389 1112 421 1175 p.
443 1095 595 1162 7442215.
616 1059 665 1140 'fl
683 1087 880 1156 Universum
902 1091 1004 1174 igitur
1024 1090 1132 1155 looum
1154 1090 1240 1153 inuno

138 1201 171 1264 in
188 1202 325 1264 -modnm
347 1201 607 1290 constituendum
632 1223 704 1266 esso
728 1200 888 1285 suspicor:
909 1236 953 1252 ·-
981 1198 999 1266 ὕ
1028 1201 1064 1266 δὲ
1085 1192 1182 1285 ὁρίζω
1203 1199 1239 1266 τὰ

9 1351 10 1356 1
137 1307 265 1394 ἳμάειον
286 1307 329 1384 ὥς
349 1301 534 1375 tenedo-‘vo
558 1310 578 1374 d
584 1315 599 1372 ὲ
620 1311 729 1387 λευκὸς
751 1313 925 1397 ἄνθρωπος
946 1309 1011 1376 ἔστι
1036 1316 1095 1395 μὲν
1120 1311 1240 1384 λευκόν,

137 1421 176 1486 οὕ
197 1424 306 1504 μέντοι
328 1418 363 1484 nd
386 1422 416 1481 τί
436 1416 475 1505 ἦν
496 1419 595 1507 λευκῷ
622 1422 712 1487 εἶναι.
742 1420 827 1486 ἄλλα
855 1425 904 1511 τῷ
930 1419 1042 1510 ἱματίῳ
1068 1423 1149 1485 εἶναι
1176 1418 1241 1504 ἆρα

136 1529 203 1595 ἔστι
225 1533 255 1592 τί
275 1529 315 1615 ἦν
336 1530 417 1594 εἶναί
440 1553 469 1594 τι
489 1529 572 1604 ὕλας
591 1531 612 1615 ἢ
634 1527 688 1606 οὕ,·
710 1529 790 1614 ὅπερ
811 1530 872 1617 γαρ
894 1531 986 1596 τόδε
1012 1553 1048 1595 τε
1068 1530 1134 1596 ἔστι
1154 1529 1191 1596 cd
1213 1531 1243 1594 ci

137 1637 176 1727 ἦν
204 1641 300 1717 εἶναι,
328 1640 409 1708 ὅταν
435 1640 468 1704 δ’
491 1631 570 1706 ἄλλο
597 1651 668 1702 κατ’
690 1638 790 1704 ἄλλον
816 1640 940 1726 λέγηται
967 1638 1025 1706 oda
1052 1640 1136 1706 ἔστιν
1165 1642 1243 1725 ὅπερ

138 1751 272 1816 εὕδετε.
697 1825 700 1830 ,

225 1866 268 1937 Η,
287 1870 318 1933 2.
346 1883 378 1947 p.
404 1855 577 1935 1043a28.
605 1860 675 1944 (Bt.
706 1865 785 1945 168,
811 1860 858 1944 ti.)
887 1858 1028 1947 φανερὸν
1055 1857 1095 1946 δὴ
1122 1859 1154 1924 ἐκ
1179 1863 1245 1926 cciv

140 1969 307 2056 εἰρημένων
329 1976 374 2048 τίς
395 1970 414 2058 ἦ
437 1970 572 2056 αἰσθητὴ
594 1970 688 2036 odoia
710 1971 774 2036 ἐστὶ
794 1975 847 2036 καὶ
872 1976 953 2048 παῖς·
980 1968 1000 2056 ἧ
1026 1974 1085 2056 μὲν
1111 1969 1177 2056 γὰρ’
1199 1968 1245 2048 ὥς

140 2081 207 2166 ὕλη,
228 2078 247 2165 η
263 2080 296 2144 δ’
311 2080 355 2157 ὥς
367 2083 473 2167 μορφὴ
487 2081 536 2147 ὅτι
550 2083 696 2167 ἐνέργεια.
718 2081 812 2148 Haeo
827 2085 889 2148 duo
905 2082 1064 2168 membra,
1078 2080 1096 2168 ἦ
1111 2088 1169 2168 μὲν
1183 2083 1244 2169 γὰρ

141 2188 185 2267 ὥς
206 2192 264 2275 ὕλη
287 2198 321 2256 et
341 2189 361 2278 ἦ
383 2191 415 2255 d'
437 2189 481 2268 ὠς
505 2193 611 2278 poppo}
639 2192 689 2259 ὕει
715 2192 863 2281 ἐνέργεια,
887 2216 983 2279 quum
1007 2194 1054 2256 ita
1076 2194 1137 2257 sibi
1159 2193 1245 2258 inter
1348 2256 1350 2260 ,

142 2323 179 2366 se
203 2301 321 2389 opponi
345 2311 516 2388 appareat,
539 2313 574 2367 ut
590 2303 729 2368 alterum
746 2305 844 2368 altori
858 2305 1070 2386 respondeat,
1091 2323 1157 2366 non
1171 2326 1246 2388 pos-

144 2420 220 2478 sunt
241 2422 351 2477 tamen
375 2411 591 2496 grammatice
614 2414 660 2474 ita
684 2411 849 2492 construi,
878 2418 914 2475 ut
941 2411 1080 2475 alterum
1104 2411 1246 2478 cumei.

142 2530 215 2589 tero
237 2531 315 2608 apte
337 2524 499 2589 conciunt.
541 2521 579 2585 ln
602 2519 711 2604 priore
739 2519 825 2584 enim
847 2517 890 2595 ὕς
911 2521 968 2605 ὕλη
991 2522 1171 2604 praedicati
1200 2522 1247 2586 lo-

143 2656 215 2700 cum
237 2635 376 2718 obtinet,
399 2631 418 2718 ἦ
440 2628 579 2713 μὲνγὰρ
601 2626 698 2714 odoia
716 2629 799 2695 ἐστὶν
820 2628 863 2707 ὦς
884 2631 955 2716 ὕλη,
983 2631 1015 2694 in
1039 2630 1145 2696 altero
1168 2655 1245 2698 vero

144 2741 190 2819 aig
211 2747 318 2827 μορφή
347 2762 406 2824 pro
435 2738 580 2824 subjecto
609 2740 773 2805 enunciati
804 2741 988 2808 habendum
1019 2749 1070 2806 est
1096 2739 1117 2828 ἦ
1144 2743 1177 2807 d’
1203 2739 1247 2822 ὥς

143 2853 249 2936 μορφὴ
271 2849 364 2914 odoia
385 2848 525 2935 φανερὸν
546 2849 597 2916 ὅτι
618 2849 755 2935 ἐνέργειά
778 2853 870 2918 ἐστιν.
904 2853 1010 2925 Quam
1033 2853 1161 2939 quidem
1183 2855 1248 2919 dis·

145 2959 350 3044 orcpantiam
378 2960 435 3025 vix
463 2961 606 3025 adducor
632 2967 668 3024 ut
690 2961 731 3023 ab
754 2961 826 3045 ipso
848 2962 1029 3029 Aristotele
1057 2971 1162 3028 ortum
1190 2985 1248 3049 pu·

144 3077 223 3137 tem.
269 3070 347 3136 dam
378 3091 456 3146 noro
483 3073 631 3137 videmus
658 3071 690 3133 iu
714 3093 755 3137 ea
777 3072 1010 3158 disputatione,
1034 3096 1118 3159 quiae
1142 3073 1247 3141 iocum

144 3190 292 3267 nostrum
321 3181 471 3266 proxime
500 3182 665 3247 antecedit
692 3189 726 3247 ct
754 3184 977 3269 subsequitur,
1004 3184 1155 3269 conjungi
1178 3185 1249 3252 fere

144 3315 205 3380 por
232 3296 285 3356 καί
311 3291 461 3356 notiones
489 3291 614 3358 fornice
642 3300 677 3358 et
708 3301 817 3377 cotue,
849 3301 883 3359 et
909 3295 1102 3374 conjunctas
1129 3297 1249 3381 opponi

146 3403 324 3481 materiae,
353 3399 455 3466 voluti
484 3408 563 3471 1125·
586 3402 644 3486 ὕλη
664 3440 723 3479 -,
749 3400 769 3491 ἦ
797 3404 831 3468 d'
853 3402 990 3489 ἐνέργεια
1011 3410 1073 3468 καὶ
1093 3403 1113 3492 ἢ
1133 3409 1248 3493 μορφή.

147 3519 227 3602 esst).
250 3512 307 3596 την
329 3510 485 3596 ἐνέργειαν
506 3513 569 3573 καὶ
589 3510 644 3596 την
664 3517 790 3600 μορφήν
815 3523 895 3586 820·
909 3518 968 3579 τοῦ
989 3515 1093 3592 εἴδους
1114 3522 1177 3581 καὶ
1198 3523 1251 3604 τῆς

149 3623 314 3707 ἐνεργείας.
337 3627 416 3692 823.
439 3621 577 3706 ἐνέργεια
598 3625 662 3684 καὶ
683 3619 787 3688 odota.
829 3625 911 3692 Inde
934 3627 1105 3692 admodum
1134 3628 1251 3711 proba·

149 3732 214 3797 tito
237 3738 301 3816 est,
323 3731 476 3816 seriptum
494 3731 601 3796 ¹fuisse
622 3730 641 3819 ἡ
663 3733 804 3819 μὲνγὰρ
825 3729 961 3821 ὥςῦλη,
987 3733 1007 3823 ἢ
1029 3737 1062 3801 d’
1084 3735 1126 3813 ὥς
1146 3737 1252 3822 poppo)

149 3845 215 3909 καὶ
235 3842 381 3928 ἐνέργεια.
402 3877 446 3892 -
474 3839 607 3907 Scholia
628 3846 671 3908 ed
693 3844 724 3912 h.
748 3843 770 3913 l.
793 3844 828 3910 iu
856 3847 1022 3934 excerptis
1044 3847 1164 3911 Brund.
1186 3867 1252 3911 nou

151 3951 371 4037 reperiuntur.

241 4065 281 4140 H,
303 4069 334 4135 fi.
370 4083 401 4150 p.
426 4061 594 4139 1045bl9.
622 4063 693 4146 (nr.
717 4069 796 4153 174,
822 4067 890 4154 25.)
924 4067 993 4135 Eos
1019 4064 1073 4151 qui
1101 4079 1252 4132 caussam
