2898 4494
192 267 236 335 72

192 437 319 519 potest,
344 437 380 498 ut
408 433 449 496 ad
477 429 621 518 ἀλλήλων
641 435 741 506 αἴτια,
767 432 851 517 quod
873 437 925 498 est
949 429 1190 518 praedicatum,
1216 431 1290 495 suh·

188 545 313 626 jectum
324 542 428 608 πολλοί
438 563 457 607 e
469 543 635 628 superiore
647 541 873 607 enunciatione
885 545 1045 626 συμβαίνει
1056 539 1093 616 δὲ,
1106 577 1149 591 -
1163 530 1289 608 πολλοὶ

191 659 250 720 cori
270 653 371 719 αὐτοῦ
398 657 484 718 αἴτια
505 655 586 716 εἶναι
607 659 785 736 repetatur.
829 649 896 715 Sed
918 674 1013 738 quum
1035 649 1226 718 Alexander
1248 651 1290 716 ad

191 764 286 840 Met,
313 763 367 828 uhi
395 763 584 829 brevissime
612 783 682 827 rem
709 760 855 846 explicat
882 768 917 828 ct
944 765 987 827 ad
1008 763 1081 846 ipsa
1102 761 1291 828 Aristotelis

190 873 292 940 verba
313 874 460 960 proxime
482 870 618 954 accedit,
642 871 724 936 haec
746 872 880 938 habeat:
913 869 993 936 ἔστι
1015 873 1057 936 δὲ
1077 878 1129 938 καὶ
1149 871 1291 958 ἀλλήλων

190 984 278 1050 rocci
306 989 393 1050 αἴτια
418 1005 449 1066 p.
479 983 634 1067 chobra,
669 983 876 1048 verisimilius
907 990 996 1048 certe
1029 989 1096 1069 est,
1131 983 1289 1050 excidisse

190 1095 224 1159 in
247 1091 479 1177 metaphysicis
493 1091 551 1156 ilia
566 1094 667 1158 verba
689 1093 771 1158 ἔστι
792 1094 835 1157 δέ
854 1115 944 1156 τινα
965 1094 998 1156 in
1019 1093 1177 1179 principio
1193 1115 1290 1158 enun-

190 1203 279 1269 ciati.
297 1239 341 1251 -
361 1202 442 1270 Met.
465 1225 496 1288 p.
521 1205 677 1277 ldl3blll.
700 1202 768 1286 (Be.
791 1206 845 1284 88,
866 1202 933 1284 22.)
962 1200 1030 1265 οἷον
1054 1203 1110 1286 τήν
1131 1202 1291 1267 ἀπουσίαν

189 1319 248 1379 τοῦ
268 1316 456 1400 κυβερνήτου
479 1315 538 1398 (sc.
563 1313 750 1396 αἰτιώμεθα)
773 1316 825 1397 τῆς
847 1309 1038 1396 ἀνατροπῆς,
1065 1307 1106 1375 cd
1125 1291 1164 1396 ἦν
1184 1310 1204 1397 ἦ
1225 1333 1291 1374 πα-

188 1429 300 1510 ρουσία
326 1427 413 1488 αἰτία
439 1429 492 1509 τῆς
519 1425 677 1508 σωτηρίας.
720 1421 819 1502 Phys.
845 1427 992 1492 lasela.
1027 1425 1080 1507 τῆς
1100 1423 1158 1485 τοῦ
1177 1420 1289 1484 πλοίου

189 1533 378 1616 ἀνατροπῆς.
414 1531 458 1595 Et
472 1555 530 1615 per
552 1555 588 1596 se
611 1535 783 1596 admodum
806 1534 920 1597 durum
942 1539 1004 1616 cst,
1026 1553 1090 1595 non
1113 1527 1291 1614 significari

190 1663 263 1707 earn
286 1663 375 1732 rem,
401 1643 492 1730 cujus
520 1640 573 1706 vei
595 1643 792 1706 evertendae
813 1641 866 1706 vel
889 1638 1070 1708 servandae
1092 1641 1291 1725 gubernator

189 1758 304 1818 auctor
326 1752 380 1836 sit,
402 1759 436 1816 ct
457 1773 476 1817 e
497 1750 638 1818 lectione
660 1751 755 1815 unius
772 1754 842 1817 cod.
858 1751 937 1816 Met.
953 1751 1016 1816 Hb
1033 1749 1213 1836 ἀνατροπῆς
1233 1753 1291 1814 τοῦ

187 1863 300 1928 πλοίου
328 1859 369 1933 οὗ
395 1869 534 1949 apparet
561 1861 761 1946 transposita
789 1861 870 1927 haec
901 1861 1060 1928 vocabula
1091 1865 1149 1926 τοῦ
1177 1861 1289 1924 πλοίου

187 1971 286 2038 facile
309 1974 424 2038 deinde
446 1973 591 2057 potuisse
613 1979 747 2058 propter
761 1972 1025 2037 terminationem
1047 1969 1289 2035 similitudinem

189 2083 349 2148 excidere.
394 2083 610 2148 Restituenda
632 2083 730 2166 igitur
751 2105 770 2147 c
792 2081 933 2167 physicis
956 2082 1105 2147 videntur
1132 2081 1165 2145 in
1187 2086 1290 2145 meta-

188 2191 332 2278 physica.
351 2185 397 2244 ⁴--
418 2191 498 2260 Met.
521 2213 552 2277 p.
578 2193 744 2265 1013b17.
767 2193 838 2276 (Br.
859 2197 913 2276 88,
935 2194 1002 2277 25.)
1041 2195 1171 2256 ἅπαντα
1193 2191 1229 2255 δὲ
1250 2189 1290 2255 τοὶ

188 2292 250 2368 νόν
269 2304 412 2388 είρημένοι
433 2307 519 2368 αἴτια
541 2305 584 2380 είς
604 2307 752 2388 τέτταρας
771 2307 877 2366 πίπτει
898 2303 1034 2386 τρόπους
1054 2301 1127 2377 τούς
1146 2323 1291 2386 φανερω-

119 2465 122 2472 ,
188 2413 311 2490 τοίτους.
354 2412 393 2476 ln
415 2414 557 2498 physicis
579 2437 609 2500 p,
636 2421 781 2488 195a15.
804 2413 902 2478 miror
922 2433 982 2496 pro
1004 2414 1140 2496 τρόπους
1160 2433 1203 2476 cx
1225 2433 1290 2474 uno

190 2527 259 2591 cod.
276 2523 324 2608 E,
347 2547 443 2611 quum
458 2535 528 2592 tres
544 2525 673 2590 omuino
696 2525 814 2594 collati,
830 2523 905 2608 sint,
928 2522 960 2587 in
976 2529 1103 2588 textum
1121 2529 1290 2607 receptum

189 2657 263 2700 esse
290 2638 445 2712 τόπους.
488 2637 572 2699 Nam
602 2643 875 2700 commentatores
904 2635 937 2701 in
966 2640 1057 2699 textu
1082 2632 1289 2716 physicorum

105 2733 110 2744 ’
188 2744 341 2808 hahuisse
367 2747 537 2828 τρόπους
565 2747 772 2810 manifestum
796 2752 859 2830 est,
881 2745 922 2813 cf.
940 2745 1102 2811 Themist.
1129 2745 1171 2808 ad
1193 2743 1286 2830 phys.

187 2873 220 2939 p.
247 2859 385 2926 saccea.
398 2875 464 2940 sqq.
482 2853 595 2938 Simpl.
622 2859 663 2920 ad
690 2855 780 2940 phys.
808 2878 839 2940 p.
862 2859 1000 2929 350b17.
1014 2877 1081 2943 sqq.
1098 2861 1138 2920 et
1160 2853 1183 2925 f,
1200 2853 1289 2939 tib„

190 2987 229 3030 ac
250 2971 425 3050 practerea
444 2965 559 3052 τρόπος
581 2967 662 3032 οιίοο
683 2965 836 3052 frequens
859 2975 912 3032 est·
933 2975 966 3032 et
987 2967 1141 3030 usitatum
1163 2961 1289 3030 Aristo-

63 3119 67 3124 ·
189 3077 247 3143 teii
269 3078 324 3143 uhi
347 3078 494 3144 diversas
517 3079 662 3158 ejusdem
685 3077 825 3141 notionis
841 3076 1151 3161 significationcsad
1166 3097 1287 3161 genera

189 3191 349 3278 quaedam
371 3187 503 3272 redigit,
526 3194 563 3253 ut
584 3189 726 3274 τρόπους,
748 3187 823 3272 licet
837 3189 943 3252 minus
957 3186 1167 3252 confirmetur
1181 3191 1289 3254 aucto·

187 3299 287 3364 ritate
303 3298 460 3394 librorum
475 3299 678 3382 scriptorum,
694 3298 751 3363 vix
766 3299 966 3364 dubitaveris
982 3301 1021 3364 de
1037 3301 1225 3381 conjectura
1240 3321 1291 3362 re·

189 3410 335 3475 stituere.
373 3408 423 3476 Of.
447 3433 489 3474 ex
512 3412 624 3475 eodem
648 3408 1290 3498 capitepraecipueMet.p1013b29·

187 3520 327 3604 τρόπον
349 3519 384 3583 δὲ
405 3525 469 3585 cciv
488 3521 599 3584 αἰτίαν
619 3511 749 3612 όρνθμρί
767 3529 826 3607 μέν
839 3527 897 3588 eim
918 3520 1037 3593 πολλοί,
1058 3518 1290 3602 κεφαλαιούμε-

186 3651 239 3696 νοι
260 3629 298 3692 δέ
314 3630 385 3704 κτλ,
407 3637 431 3704 Ι,
449 3638 476 3700 l.
492 3652 523 3714 p.
543 3636 711 3705 1052a17.
733 3635 912 3711 πλεοναχῶς
934 3629 970 3696 δὲ
983 3627 1152 3710 λεγομένου
1167 3625 1197 3690 oi
1214 3642 1291 3706 σογ-

187 3739 450 3828 κεφολανούμενοι
471 3743 611 3825 τρόπον
633 3743 690 3806 εἰσί
712 3744 859 3824 τέτταρες,
881 3745 915 3802 ct
931 3741 988 3806 ἕνα
999 3744 1056 3826 μὲν
1078 3739 1226 3824 τρόπον
1246 3773 1289 3788 -

187 3849 456 3936 ἄλλοντρόπον
482 3851 514 3914 in
538 3851 650 3936 quovis
672 3849 741 3915 fere
763 3849 869 3944 capite
890 3845 964 3914 iibri
986 3849 1096 3937 quinti.
1129 3883 1173 3897 -
1205 3847 1288 3932 Met.

187 3981 218 4043 [t-
243 3964 410 4034 1013b25.
435 3961 503 4046 (BP.
526 3968 580 4044 89,
603 3960 650 4044 6.)
693 3958 733 4041 ,τοὶ
759 3959 792 4028 d’
819 3961 903 4028 ἄλλοι
932 3961 990 4044 (sc.
1013 3961 1099 4026 αἴτιοί
1121 3959 1216 4045 ἔστιν)
1245 3956 1289 4034 οἷς

188 4067 223 4136 τό
251 4071 335 4151 τέλος
361 4080 414 4142 καὶ
440 4071 586 4158 τάγαθόν
612 4075 675 4161 τόν
700 4071 816 4142 ἄλλον.
859 4072 899 4139 In
922 4071 1063 4158 physicis
1084 4095 1116 4160 p.
1142 4075 1287 4146 195a23.
