2906 4500
221 275 263 342 ol

220 438 276 504 ἀιά
297 443 389 504 τοῦτο
410 437 497 524 ἀρχή,
517 439 624 505 πάντα
649 437 808 504 ἔσονται
830 436 943 506 οάσιαι.
958 437 986 525 ¹)
1007 473 1050 488 -·
1071 473 1114 492 -
1140 443 1246 508 πάντα
1265 437 1313 509 σίν

218 552 318 616 ταῦτα
338 559 549 635 κατηγορεῖται
570 547 673 616 οὐσίαι
694 548 870 626 ἔσονται,
891 556 945 616 καί
965 551 1074 618 ἔσται
1095 557 1147 617 καὶ
1168 553 1204 620 τὰ
1218 552 1312 619 ποιὰν

216 665 271 726 καὶ
295 659 332 727 τὰ
359 657 461 726 ποσόν
485 665 539 725 καί
563 659 599 724 αἳ
623 659 733 724 λοιπαὶ
758 663 936 744 κατηγορίαι
963 659 1077 728 οάσίαι.
1108 684 1141 748 Ρ.
1164 669 1312 736 793ο41.

301 775 346 846 A,
360 775 390 840 6.
405 791 436 855 p.
453 767 606 844 1071b13.
623 769 693 853 (ΒΓ.
704 775 780 852 ele,
794 768 840 853 9.)
857 767 939 834 ἄλλοί
948 771 1010 857 μήν
1019 773 1147 839 elidem
1159 775 1313 860 κινητικὸν

215 881 414 967 ήποιητικόν,
429 880 471 964 μή
485 881 632 964 ἐνεργοῦν
644 878 683 944 δέ
695 903 732 958 τι,
754 876 811 946 οὐκ
833 878 914 945 ἔστι
933 886 1055 968 κίνησις
1084 884 1238 969 ἐνδέχεται
1250 884 1312 968 γάρ

216 989 251 1056 τὰ
273 991 409 1074 δύναμιν
430 988 503 1069 ἔχον
523 987 565 1075 μή
586 988 729 1074 ἐνεργεῖν.
764 990 801 1056 ln
824 993 957 1078 epodosi
978 1016 1036 1081 pro
1051 995 1216 1080 praesenti
1230 1001 1312 1060 tem·

214 1121 293 1185 pore
316 1101 457 1164 futurum
480 1096 587 1164 ἔσται
612 1105 831 1185 reponendum
855 1125 941 1186 esse,
962 1104 991 1168 si
1012 1125 1055 1167 ex
1077 1107 1150 1188 ipse
1170 1104 1311 1191 proteris

213 1210 320 1275 ferme
347 1210 488 1275 nendum
517 1209 599 1276 setis
625 1211 750 1278 eertrim
776 1210 941 1293 videntur,
968 1209 1127 1274 evincitur
1151 1215 1311 1295 proximis

213 1320 322 1388 verbis
343 1359 386 1372 —
407 1322 436 1386 τί
454 1321 515 1406 γὰρ
535 1321 577 1405 μή
598 1319 761 1403 ἐνεργήσει,
788 1313 845 1382 orie
871 1317 979 1384 ἔσται
1004 1321 1126 1402 κίνησις.
1163 1319 1215 1382 ,ἔτι
1240 1317 1309 1386 οὐδ’

213 1435 242 1499 εί
261 1431 421 1517 ἐνεργήσει,
442 1428 461 1517 ή
483 1429 511 1494 δ’
533 1427 627 1493 οάσία
648 1423 744 1514 αὐτής
759 1426 900 1512 δύναμις
923 1425 961 1494 οὗ
985 1427 1045 1512 γάρ
1066 1430 1175 1492 ἔσται
1195 1431 1308 1513 κίνησις

212 1542 325 1614 ἀΐδιος.
362 1539 444 1610 Ιι17.
492 1537 577 1622 (Ριο
616 1537 725 1622 Ριίοιε
763 1537 851 1602 ἔσται
881 1541 951 1604 eod.
987 1537 1041 1602 Ab
1079 1538 1178 1604 hebet
1214 1522 1308 1620 Ιἔστι.)

211 1648 404 1715 Alexander
430 1666 554 1734 quoqne
579 1646 722 1712 futurum
750 1645 783 1711 in
811 1653 905 1713 textu
931 1647 1060 1732 hebuit,
1089 1650 1171 1734 quod
1194 1646 1309 1711 scribit

209 1793 254 1810 ·-
274 1759 387 1824 ἔσται
407 1760 461 1824 ὅτε
482 1757 539 1824 οὐκ
559 1756 810 1842 dorae-ulmeae
831 1759 868 1823 τὸ
888 1758 948 1845 γάρ
968 1758 1147 1842 δυνάμενον
1166 1757 1208 1842 μή
1222 1755 1308 1842 ἐνερ-

209 1875 300 1957 γῆσαι
321 1868 431 1946 ἔσται
451 1873 528 1934 ποτὲ
542 1866 600 1933 ode
612 1867 765 1954 ἐνεργοῦν.
780 1888 811 1952 Ρ.
825 1870 973 1941 802143.
995 1905 1038 1918 -
1059 1865 1183 1932 Eadem
1199 1869 1308 1931 em'on-

211 1981 298 2046 datio
327 1979 494 2044 efferendo
520 1978 593 2042 loeo
621 1977 759 2062 proximi
785 1977 859 2042 libri
885 1985 933 2057 M,
953 1987 984 2049 2.
1006 2001 1037 2064 p.
1062 1981 1205 2049 1077er⁴
1235 1976 1305 2059 (ldr.

208 2098 285 2174 261,
309 2089 373 2171 16.)
417 2087 463 2150 ἔτι
490 2089 571 2172 ἀπερ
598 2092 650 2153 καὶ
677 2087 713 2152 ἐν
739 2100 803 2164 τοῖς
824 2087 1021 2176 ἀπορήμασιν
1042 2087 1219 2174 ἀνήλθομεν
1239 2091 1307 2162 πῶς

209 2200 366 2282 ἐνδέχεται
386 2197 486 2275 λύεινγ
508 2201 578 2283 περὶ
598 2197 622 2260 ἀ
642 2196 701 2282 γάρ
722 2195 741 2284 ή
763 2195 949 2283 ἀστρολογία
970 2197 1060 2273 ἐστίν,
1086 2194 1201 2281 ὁμοίως
1227 2196 1306 2260 ἐστὶ

208 2309 297 2395 παρά
311 2309 352 2373 ed
366 2308 511 2393 αἰσθηταί,
532 2311 585 2372 καὶ
598 2311 669 2396 περὶ
689 2309 712 2371 ἀ
733 2304 752 2394 ή
773 2311 950 2393 γεωμετρία.
985 2308 1058 2371 Νοιι
1073 2329 1115 2373 ex
1129 2327 1189 2370 see
1203 2305 1304 2391 ipsius

209 2420 374 2485 sententie
400 2415 598 2482 Aristoteles
623 2417 703 2483 dieit
735 2439 793 2484 ees
824 2438 896 2501 res,
929 2419 971 2482 ed
997 2438 1077 2504 ques
1104 2417 1304 2482 astronomia

207 2531 361 2616 pertinet,
384 2528 546 2595 exsistere
559 2535 692 2615 praeter
706 2519 760 2594 res
775 2525 956 2610 sensibiles,
976 2528 1100 2613 pariter
1114 2549 1153 2594 ee
1168 2549 1222 2592 res
1236 2549 1303 2593 me·

207 2643 412 2722 themelieas,
446 2641 504 2704 sed
527 2639 587 2704 heo
608 2637 737 2704 eonfieit
759 2659 801 2702 ex
823 2638 986 2704 sententie
1006 2659 1135 2723 eorum,
1158 2638 1211 2724 qui
1232 2659 1302 2704 ma-

207 2749 401 2815 thematiees
422 2769 477 2811 res
499 2748 636 2812 seorsim
658 2755 692 2812 et
713 2747 859 2816 absolute
882 2750 1042 2816 exsistere
1064 2756 1222 2833 statuent,
1248 2770 1312 2826 ee·¹

205 2881 268 2946 qne
289 2857 519 2945 eonsequentio
546 2857 646 2922 utitur
672 2859 714 2922 ed
741 2861 871 2923 eosdem
897 2859 1103 2927 refellendos.
1147 2859 1301 2945 ltaquee

205 2968 368 3034 eonrtenti
384 2990 444 3033 usu
459 2953 646 3032 Aristotelis
660 2969 861 3034 scribendum
877 2975 928 3034 est
948 2966 1064 3054 ὁμοίως
1085 2971 1193 3038 ἔσται
1213 2968 1302 3054 παρὰ

206 3081 247 3144 τοὶ
267 3083 414 3166 αἴσθηταί.
458 3067 686 3148 Gonlirmetur¹
703 3079 783 3144 haee
810 3080 993 3144 emendatio
1019 3101 1113 3174 quem
1143 3079 1298 3163 proximis

205 3191 314 3256 verbis
334 3189 450 3275 ὁμοίως
471 3190 508 3256 δὲ
528 3193 580 3254 καὶ
600 3188 640 3253 roi
662 3185 776 3254 ἀιττικά
796 3194 849 3253 καί
869 3189 909 3254 τά
924 3188 1086 3274 ἁρμονικά·
1111 3189 1220 3255 ἔσται
1240 3189 1299 3277 γάρ

203 3304 292 3388 φωνή
313 3324 346 3365 τε
373 3304 426 3366 καὶ
451 3302 528 3392 ὄψις
554 3299 643 3385 παρὰ
668 3297 709 3363 ool
729 3299 866 3384 αἰσθητοὶ
886 3305 938 3364 καὶ
959 3300 999 3364 eol
1018 3303 1093 3365 xe&
1113 3303 1238 3368 ἕκαστα·
1257 3337 1301 3350 -

202 3445 245 3458 -·-
265 3415 318 3474 καὶ
337 3409 401 3500 ζῷα
421 3409 578 3476 ἔσονται
598 3407 827 3475 --ἔσται
848 3409 1124 3496 advertentem
1143 3411 1223 3495 ἀλλή
1242 3407 1301 3476 ori-
1434 3475 1435 3496 p

202 3524 269 3596 σία,
290 3526 364 3584 -tunr
388 3541 427 3584 eo
449 3519 540 3603 loeo,
570 3520 726 3604 ntiquom
749 3519 819 3607 ipse
842 3521 1038 3586 Aristoteles
1053 3519 1215 3602 respicere
1236 3538 1298 3581 nos

200 3629 303 3717 jubet,
323 3633 408 3714 quod
429 3629 464 3694 ἐν
485 3641 549 3706 τοῖς
569 3625 766 3716 ἀπορήμασιν
787 3651 860 3694 eam
881 3649 950 3693 rem
973 3647 1008 3691 se
1028 3627 1176 3712 attigisse
1198 3625 1297 3709 signi·

201 3738 277 3805 fient
297 3747 337 3817 B,
358 3749 390 3812 2.
412 3761 445 3825 p.
466 3740 615 3812 997b16.
658 3741 729 3805 olor
755 3739 877 3823 ἐπείπερ
898 3735 917 3823 ή
940 3734 1124 3822 ἀστρολογία
1144 3741 1201 3821 μία
1222 3739 1297 3802 eorl-

199 3872 261 3916 των
275 3851 366 3928 ἐστίν,
388 3849 498 3924 ἔσται
519 3868 564 3926 τις
577 3853 630 3915 καὶ
643 3844 779 3934 οὐρανὸς
792 3845 880 3933 παρὰ
894 3847 950 3916 τὸν
963 3848 1105 3932 cel-tmere
1119 3887 1162 3902 -
1183 3847 1296 3935 Neque

206 4001 224 4008 ..-
237 4001 279 4010 -ο-
287 3999 398 4008 ...α-..-

268 4085 294 4152 1)
315 4087 357 4144 lta
374 4088 511 4146 verissime
529 4085 682 4142 Brendisius
700 4084 732 4138 de
751 4089 901 4156 conjecture
918 4084 989 4141 dedit
1005 4101 1053 4156 pto
1071 4089 1157 4163 ἀργαί.
