2898 4494
211 312 271 376 tto

205 477 418 559 contendant,
448 474 522 539 intio
549 472 701 560 eonsupri
724 476 830 556 dooet,
851 479 886 536 nt
909 473 1017 536 onmia
1039 471 1104 537 sint
1127 473 1309 538 nocido-utin

205 575 239 651 et
261 586 392 650 omuino
415 585 549 649 toliutur
571 583 763 652 substantio.
800 583 881 658 ὅλως
903 583 936 647 δ’
958 582 1145 669 ἀναιροῦσιν
1166 581 1198 647 oi
1218 589 1309 650 τοῦτο

204 697 344 777 λέγοντες
366 693 479 762 οὐσίαν
499 699 552 759 καὶ
573 695 609 758 τό
631 698 660 759 τί
680 693 719 779 ἦν
740 695 830 757 εῖναι.
863 692 1044 778 πάνταγὰρ
1059 691 1179 779 ἀνάγκη
1194 699 1310 777 συμβε-

204 811 331 890 βηκέναι
352 808 484 890 φάσκειν
515 801 637 879 αὐτοῖς,
663 809 716 868 καὶ
741 801 777 866 τό
804 803 882 887 ὅπερ
909 800 1071 890 ἀνθρώπῳ
1098 806 1178 867 εἶναι
1205 802 1310 892 ἢζῴῳ

205 919 287 980 εἶναι
307 916 349 1000 μὴ
371 915 502 997 etpost).
545 911 618 977 Hoe
646 913 701 977 ubi
730 911 883 995 exposuit
910 913 960 975 his
989 912 1105 978 deinde
1128 913 1235 978 verbis
1257 935 1309 976 ar·

205 1026 483 1108 gnrnoutotionem
508 1023 727 1107 persequitur:
766 1023 794 1085 si
821 1023 858 1087 δὲ
884 1025 992 1088 πάντα
1018 1023 1309 1108 κατὰσυμβεβηκός

206 1135 334 1216 λέγεται,
356 1132 456 1198 οὐθὲν
477 1136 564 1198 ἔσται
586 1137 710 1216 πρῶτον
731 1133 767 1194 τό
788 1133 944 1207 καθόλου,
971 1135 1001 1194 ελ
1027 1133 1078 1195 ἀεὶ
1099 1134 1134 1196 τό
1157 1137 1310 1216 συμβεβη-

206 1243 260 1317 κός
281 1247 358 1306 καθ’
385 1241 591 1327 ὑποκειμένου
619 1243 704 1315 τινός
725 1245 864 1325 σημαίνει
886 1240 942 1324 τὴν
962 1245 1158 1324 κατηγορίαν.
1191 1241 1310 1326 ἀνάγκη

207 1353 272 1436 ἄρα
294 1354 337 1428 εἰς
359 1353 493 1438 ἄπειρον
515 1355 604 1417 ἰέναι.
640 1350 813 1435 Aouidens,
836 1349 872 1413 τό
895 1351 1092 1434 συμβεβηκός,
1115 1373 1246 1434 sempor
1267 1354 1311 1416 ud

207 1461 297 1526 niiud
319 1461 470 1546 refertur,
493 1465 533 1528 sle
549 1484 612 1549 quo
627 1460 844 1546 praedicetur,
868 1458 935 1523 sive
951 1459 1067 1522 dieitur
1082 1481 1212 1545 semper
1232 1467 1310 1526 καθ

207 1567 428 1655 όποκειμέιζου,
462 1593 626 1657 uunquam
661 1572 766 1654 ipsurn
794 1576 845 1634 est
877 1567 1089 1652 ὑποκείμενον.
1138 1571 1253 1658 ltuquo
1281 1572 1311 1635 si

208 1678 317 1742 omniu
338 1679 419 1742 κατα
440 1682 629 1765 συμβεβηκός
651 1681 810 1762 dieantur,
833 1679 879 1742 itu
900 1685 937 1742 ut
952 1681 994 1743 ad
1009 1679 1096 1744 atiud
1112 1681 1307 1763 referantur,

208 1803 272 1854 nort
296 1791 504 1875 eritnpoirov
525 1788 729 1874 ὑποκείμενον
751 1789 804 1854 vel
825 1789 929 1873 πρώτη
949 1787 1055 1866 οὐσία,
1079 1811 1141 1854 nou
1163 1793 1227 1855 erit
1245 1811 1307 1877 quo

208 1899 395 1965 referuntur
423 1899 552 1984 omnin,
586 1899 690 1986 ipsum
724 1903 801 1964 v'ero
831 1919 894 1961 non
926 1900 1088 1964 referatur
1120 1900 1205 1979 uii03
1236 1901 1309 1962 suh·

208 2009 363 2074 stantium
386 2009 486 2091 igitur
508 2031 642 2093 prorsus
664 2009 800 2090 tollunt,
827 2007 880 2093 qui
903 2009 1013 2071 omnio
1035 2009 1214 2074 occidentia
1235 2031 1310 2074 essu

210 2125 365 2184 statuunt.
403 2117 500 2182 Hono
517 2127 669 2203 oportere
691 2119 887 2182 sententium
905 2118 1012 2183 inesse
1028 2119 1068 2182 iis
1083 2120 1203 2202 verbiS,
1226 2141 1310 2205 quae

209 2249 229 2294 e
251 2234 344 2292 textu
366 2225 588 2312 exhibuimus,
616 2249 658 2292 ox
687 2229 938 2312 argumentandi
966 2230 1079 2296 oriliue
1103 2230 1310 2294 manifestum

209 2345 275 2420 est3
297 2337 406 2424 itaque
422 2337 593 2423 legendum
611 2337 711 2403 οὐθὲν
724 2338 811 2402 ἔσται
831 2342 957 2423 πρῶτον
977 2340 1013 2403 τό
1034 2346 1123 2406 καθ
1146 2336 1204 2415 οὗ,
1226 2343 1312 2424 quod

209 2451 295 2516 idern
318 2456 370 2515 ost
391 2444 432 2512 ee
453 2453 577 2533 πρῶτον
598 2447 804 2532 ὑποκείμενον
831 2455 865 2511 et
886 2450 1049 2512 consentit
1069 2473 1142 2515 eum
1166 2452 1312 2535 superio·

208 2561 298 2625 ribus
319 2558 428 2625 verbis
449 2558 616 2643 ἀναιροῦσι
634 2557 690 2642 τὴν
711 2557 832 2623 οὐσίαν.
869 2559 983 2624 Lectio
1003 2558 1039 2624 τὸ
1054 2561 1198 2624 καθόλου
1211 2583 1312 2646 quun·

106 2728 115 2735 ,
209 2677 323 2754 tepore
344 2675 506 2753 repugnet
534 2667 691 2750 proximis
712 2667 823 2733 verbis
844 2670 874 2732 si
893 2668 943 2733 ἀεὶ
964 2670 1000 2734 τὸ
1022 2671 1209 2754 συμβεβηκὸς
1231 2677 1311 2735 καθ’

208 2776 414 2861 ὑποκειμένου
446 2777 530 2851 τινός
562 2776 624 2839 κτλ.
657 2778 800 2843 maxime
832 2771 1009 2863 ‘apparebit
1035 2779 1109 2846 ooli.
1137 2787 1178 2856 Z,
1203 2788 1251 2852 13.
1279 2804 1310 2865 pr

212 2888 380 2960 1038bl5.
417 2887 463 2950 ἔτι
484 2885 576 2950 οὐσία
597 2886 717 2966 λέγεται
738 2887 774 2951 τό
795 2890 837 2975 μὴ
859 2895 939 2953 καθ’
959 2885 1178 2973 ὑποκειμένου,
1199 2891 1240 2955 τό
1269 2892 1311 2956 δὲ

209 2997 386 3064 καθόλου
406 2999 494 3062 καθ’
516 2993 777 3080 ὑποκειμένου
798 3000 904 3075 τινὰς
925 2987 1046 3080 λόγοται
1067 2999 1133 3075 ciet,
1155 3004 1241 3066 uude
1264 3002 1309 3065 iu-

209 3109 400 3191 telligimus,
421 3107 457 3171 τὸ
479 3107 668 3191 συμβεβηκός
689 3115 723 3172 et
744 3108 778 3182 τό
800 3109 945 3173 καθόλου
967 3131 1009 3174 ex
1024 3109 1215 3176 Aristotelis
1237 3131 1309 3174 sen·

209 3218 314 3284 tentis
336 3237 376 3282 eu
397 3239 435 3282 re
457 3235 520 3280 non
544 3215 730 3302 diserepure
753 3220 810 3284 sed
833 3217 1019 3299 eoneinere,
1042 3222 1125 3302 quod
1141 3229 1312 3306 utrumque

209 3332 287 3391 καθ
313 3325 520 3410 ὑποκειμένου
552 3324 676 3392 dieitur.
702 3328 913 3394 -Alexonder
945 3329 1000 3392 ubi
1023 3328 1145 3393 frustra
1178 3353 1313 3414 opernm

208 3434 318 3522 posuit
349 3437 382 3499 iu
417 3435 613 3519 expulieundu
649 3435 788 3502 leetione
824 3439 860 3504 τό
892 3439 1051 3515 καθόλου,
1087 3439 1157 3524 ipso
1195 3441 1312 3507 «nimo

209 3549 292 3612 hunc
313 3548 532 3626 conjecturum
555 3546 708 3631 proponit
730 3549 867 3626 δύναται
887 3550 1069 3632 γεγράφθω
1088 3547 1207 3624 »οὐθὲν
1223 3548 1312 3610 ἔσται

208 3659 333 3740 πρῶτον
358 3652 395 3720 τό
421 3661 511 3720 καθ’
544 3650 610 3721 οό”
642 3661 779 3722 τουτέστι
806 3655 842 3718 τό
869 3660 995 3740 πρῶτον
1020 3665 1073 3723 καὶ
1098 3657 1312 3738 ὑποκείμενου.

208 3788 239 3852 p.
261 3765 389 3836 umbe.
775 3815 779 3820 .

293 3881 327 3951 Γ,
340 3881 371 3948 8.
383 3873 583 3960 pilorum.
607 3875 677 3959 (ur.
691 3879 746 3959 85,
760 3874 827 3959 23.)
860 3874 927 3942 Eos
948 3878 1003 3963 qui
1025 3877 1077 3942 vol
1099 3873 1210 3941 onmia
1231 3897 1312 3943 veru

207 4027 408 4044 mun-...n-

163 4119 165 4124 “
277 4111 302 4178 l)
324 4114 355 4168 ln
372 4113 459 4172 notk.
477 4113 539 4169 edit.
556 4110 625 4169 tuso
643 4119 705 4166 ante
719 4113 757 4185 μὴ
773 4115 840 4170 εἶναι
857 4119 985 4169 commate
1003 4112 1156 4170 distinctum
1175 4123 1225 4172 est.
