2906 4500
1062 273 1064 280 ’
1184 283 1227 364 43

127 454 253 539 agitur,
272 449 406 518 tantiam
429 444 590 516 daaimnm
611 446 699 530 dieo3
721 469 823 534 quara
845 467 908 512 non
931 447 1060 534 mirum,
1081 451 1166 536 quod
1189 449 1227 515 li-

127 564 227 631 brarii
250 583 349 629 sensu
375 559 543 646 seripturis
566 576 634 624 non
663 559 746 624 satis
772 557 940 624 intattaoto
966 560 1172 644 saepiusve!
1195 561 1240 642 in,

119 674 304 741 dauioribus
330 674 386 740 val
414 672 447 736 in
469 669 675 755 gravioribus
697 669 793 734 rebus
820 668 904 753 tapsi
931 677 1021 751 snnt3
1048 673 1105 736 aad
1133 673 1229 736 modo

128 787 200 873 ipse
221 783 422 851 Aristoteles
429 763 447 866 ,¹
469 784 565 848 modo
588 788 715 846 vetares
737 781 810 860 ujus
831 779 1029 866 interpretes
1050 781 1119 846 vari
1141 775 1230 847 inve-

127 895 237 960 niendi
257 896 347 960 uiam
370 898 572 974 monstrant,
596 891 632 954 si
660 887 732 976 quis
760 890 934 974 diiigenter
953 910 1068 954 eorum
1090 891 1231 976 vestigia

127 1013 293 1091 sequatur.
337 1001 389 1066 Ex
415 1001 457 1065 iis
482 1018 566 1088 qnae
591 999 761 1064 lenissimo
787 1001 915 1066 medela
941 1001 1094 1066 videntur
1119 1001 1231 1066 sanari

128 1135 233 1200 possa
261 1115 332 1194 jam
363 1129 617 1197 persequamnra
663 1106 785 1171 Altera
817 1117 914 1198 parte
948 1111 1069 1196 eapitis
1099 1111 1231 1198 septimi

9 1243 10 1248 ’
129 1219 327 1288 Aristoteies
349 1239 462 1285 eorum
478 1219 659 1284 doctrinam
677 1219 857 1303 examinat,
879 1221 933 1302 qui
953 1222 1097 1286 unitates
1120 1224 1230 1288 inuans

128 1329 301 1394 soaiabilas
333 1336 535 1412 statuerant,
571 1349 613 1394 ox
646 1327 762 1416 quibus
794 1327 915 1394 tierent
942 1330 1069 1394 numeri
1096 1325 1232 1399 iduatas.⁴

121 1437 176 1502 ¹At
197 1438 320 1525 siquis
341 1439 428 1504 tuias
450 1439 595 1523 posuerit
615 1439 777 1525 unitates,
799 1459 863 1503 non
886 1460 985 1524 posse
1007 1459 1081 1506 assa
1104 1440 1234 1504 Aristo-

128 1547 212 1614 teles
226 1548 394 1614 contendit
416 1549 460 1635 (p.
477 1548 659 1629 1081b10.)
681 1549 786 1632 ipsam
808 1551 947 1629 dyadem
971 1571 1075 1637 neque
1090 1549 1233 1636 reliquos

128 1679 282 1724 numeros
303 1658 437 1725 ideales.
489 1657 736 1746 Quadosounqua
758 1660 846 1738 anim
867 1660 1012 1724 unitatae
1034 1683 1109 1726 essa
1129 1661 1234 1726 finna-

128 1770 243 1854 rimus,
265 1770 376 1858 nttqna
390 1789 560 1838 narnerum
576 1769 650 1835 fieri
664 1772 826 1854 addendo,
844 1771 945 1837 velrrti
961 1770 1120 1835 binarium
1136 1789 1234 1856 quum

129 1882 269 1944 aridatar
291 1884 333 1944 ad
361 1881 520 1945 unitatem
547 1881 675 1963 nnitaS,
702 1881 799 1944 simili
826 1881 956 1944 ratione
982 1882 1163 1944 ternarium
1191 1901 1235 1944 ex

129 1991 257 2055 binario
280 1997 314 2056 ot
336 1989 486 2074 reliquos.
530 1989 647 2075 ltuqua
669 1988 699 2052 si
720 1991 881 2076 statuant,
910 1988 1154 2076 quaternarium
1176 2009 1234 2052 uu-

130 2113 254 2164 merum
279 2099 429 2182 progigni
458 2119 500 2161 ax
525 2097 601 2181 ipsa
629 2100 752 2184 dyada,
779 2100 799 2167 i.
824 2123 852 2196 e.
876 2119 919 2166 ex
942 2101 1049 2182 dyada
1071 2121 1155 2186 quaa
1182 2105 1234 2164 est

130 2210 225 2292 iales,
241 2214 274 2273 at
296 2231 338 2274 ex
360 2210 465 2288 dyada
488 2207 667 2293 indefinita,
690 2209 766 2276 iude
788 2212 953 2300 consequi,
974 2219 1011 2276 dt
1033 2212 1095 2279 uiua
1117 2209 1235 2274 binarii

129 2319 267 2404 numeri,
290 2317 407 2406 quippe
429 2320 481 2406 qui
504 2321 691 2386 neeessario
712 2323 746 2386 in
768 2319 978 2406 quaternario
992 2319 1233 2404 contineantur,

10 2425 11 2512 ᾗ
130 2431 294 2496 assistant
319 2437 454 2518 praetor
481 2430 587 2515 ipsam
617 2433 774 2513 dyadem,
802 2429 863 2494 δύο
890 2429 1009 2506 δυάδες
1035 2442 1109 2514 πορν
1136 2429 1235 2514 osirin

10 2559 12 2572 ’
129 2540 317 2626 τὴνδυάδα.
350 2541 419 2606 ianr
443 2542 492 2606 ita
514 2541 622 2626 pergit
636 2535 685 2614 M,
697 2541 730 2610 7.
745 2561 778 2624 p.
797 2539 965 2611 lttsslbm‘t.
989 2539 1063 2623 (uu-
1075 2541 1152 2621 274,
1171 2541 1234 2618 10.)

127 2652 160 2714 ai
186 2650 223 2715 δὲ
249 2653 304 2738 μή,
331 2651 443 2735 μόριον
467 2651 556 2716 ἔσται
589 2651 686 2736 αὕτη
712 2647 732 2737 d
761 2650 857 2728 δούς,
889 2648 980 2736 ἑτέρα
1006 2649 1043 2752 δὲ
1068 2651 1237 2733 προσέοτω

129 2765 187 2848 μία
214 2761 309 2837 δυάς,
342 2767 395 2824 καὶ
419 2756 549 2845 ἦδοδς
574 2760 662 2826 ἔσται
690 2762 724 2826 ἐκ
750 2766 809 2827 τοῦ
834 2760 905 2838 dudo
931 2759 1107 2826 αὐτοῦκαὶ
1135 2758 1237 2823 ἄλλον

129 2872 202 2948 ἑνός
223 2870 244 2938 i.
267 2891 308 2944 e„
323 2869 436 2955 quodsi
460 2871 520 2936 hoo
541 2871 727 2958 defugiant,
757 2893 799 2936 ne
827 2875 923 2937 riuos
951 2874 1076 2952 dyadas
1104 2874 1237 2953 praeter

130 2981 236 3068 ipsam
258 2981 414 3066 dyadem,
435 2999 532 3066 quem
554 2983 659 3048 solam
682 2979 887 3048 ideam'esaa
908 2981 1033 3064 volunt,
1055 2980 1237 3044 oonoedaro

127 3099 306 3178 angantur,
341 3095 489 3157 statuant
521 3094 684 3180 oportebit
716 3091 843 3158 numeri
874 3088 1074 3178 quaternarii
1106 3093 1236 3175 partem

128 3223 207 3268 asso
233 3193 244 3270 i
251 3221 360 3285 psum
391 3205 529 3284 (uadem
557 3212 593 3272 at.
620 3207 779 3278 renodare
807 3209 982 3287 praeterea
1014 3220 1129 3266 unam
1157 3199 1237 3278 dya-

130 3312 224 3393 dem,
256 3327 307 3372 ao
327 3311 400 3393 pari
432 3318 527 3380 ruodo
559 3315 775 3400 consequatur
801 3320 839 3377 ut
865 3315 948 3393 dyas
974 3308 1165 3375 eonfiaiutur
1193 3323 1236 3374 ax

11 3409 12 3418 δ
129 3421 221 3507 ipsa
240 3418 367 3486 unitate
387 3421 499 3484 addita
515 3409 648 3507 insuper
662 3424 730 3489 aiio
744 3421 881 3489 unitate.
918 3420 1079 3486 Nimirum
1094 3416 1236 3484 toriben·

131 3533 208 3596 dum
231 3543 381 3614 essa-pro
404 3531 502 3616 αὕτη
522 3526 542 3617 ἢ
564 3530 646 3608 δυάς
667 3567 710 3582 -·-
731 3532 826 3619 αὐτοὶ
847 3530 867 3618 ἢ
890 3532 972 3608 duait
985 3533 1134 3616 apertum
1150 3535 1237 3594 esta

133 3640 242 3706 verbis
255 3639 414 3726 proximis
429 3639 462 3706 ἐκ
482 3644 542 3708 rori
561 3640 632 3716 ἑνδς
653 3639 779 3708 αὐτοῦ
798 3648 851 3708 καὶ
873 3639 996 3708 ἄλλον
1018 3639 1098 3720 ἑνός,
1120 3639 1237 3726 quibus

131 3754 355 3834 respondeant
376 3770 514 3818 naoome
527 3758 580 3818 est
601 3745 773 3837 superiora
795 3745 892 3839 adep
913 3748 932 3839 ἡ
955 3749 1044 3830 δυάς,
1066 3750 1178 3835 ἑτέρα
1200 3748 1236 3812 δὲ

133 3860 225 3936 δυάς.
269 3862 464 3928 Emendatio
493 3883 552 3949 per
580 3882 617 3930 sa
644 3862 779 3930 evidens
806 3863 1017 3928 sentiamutur
1043 3863 1236 3943 interprete„

135 3971 224 4036 tione
247 3970 377 4054 Syriani
400 3973 430 4036 ei
450 3971 486 4037 δὲ
508 3977 600 4038 τοῦτο
623 3977 784 4060 φεύγοιεν,
809 3975 908 4040 πάλιν
927 3971 1156 4058 ὁμολογήσουσι
1176 3968 1236 4052 μό-

135 4103 205 4168 ριον
219 4083 301 4148 εἶναι
321 4080 376 4168 ripn
396 4080 628 4152 ov'rodvoidu
650 4089 702 4170 τῆς
723 4083 961 4170 οδτοτοοράδος,
979 4075 1125 4144 animai
1139 4078 1238 4162 πρόσ-
